,day,timestamp,product,bid_price_1,bid_volume_1,bid_price_2,bid_volume_2,bid_price_3,bid_volume_3,ask_price_1,ask_volume_1,ask_price_2,ask_volume_2,ask_price_3,ask_volume_3,mid_price,profit_and_loss
0,-1,0,RAINFOREST_RESIN,10002.0,1.0,9996.0,2.0,9995.0,29.0,10004.0,2.0,10005.0,29.0,,,10003.0,0.0
1,-1,0,KELP,2028.0,1.0,2026.0,2.0,2025.0,29.0,2029.0,31.0,,,,,2028.5,0.0
2,-1,100,KELP,2025.0,24.0,,,,,2028.0,2.0,2029.0,22.0,,,2026.5,0.0
3,-1,100,RAINFOREST_RESIN,9996.0,2.0,9995.0,22.0,,,10004.0,2.0,10005.0,22.0,,,10000.0,0.0
4,-1,200,RAINFOREST_RESIN,9995.0,20.0,,,,,10005.0,20.0,,,,,10000.0,0.0
5,-1,200,KELP,2025.0,22.0,,,,,2028.0,20.0,,,,,2026.5,0.0
6,-1,300,KELP,2025.0,31.0,,,,,2028.0,2.0,2029.0,29.0,,,2026.5,0.0
7,-1,300,RAINFOREST_RESIN,9996.0,2.0,9995.0,29.0,,,10004.0,2.0,10005.0,29.0,,,10000.0,0.0
8,-1,400,RAINFOREST_RESIN,9996.0,2.0,9995.0,25.0,,,10004.0,2.0,10005.0,25.0,,,10000.0,0.0
9,-1,400,KELP,2025.0,27.0,,,,,2028.0,27.0,,,,,2026.5,0.0
10,-1,500,KELP,2025.0,30.0,,,,,2028.0,30.0,,,,,2026.5,0.0
11,-1,500,RAINFOREST_RESIN,9995.0,30.0,,,,,10002.0,4.0,10005.0,30.0,,,9998.5,0.0
12,-1,600,RAINFOREST_RESIN,10000.0,5.0,9995.0,25.0,,,10005.0,25.0,,,,,10002.5,0.0
13,-1,600,KELP,2026.0,5.0,2025.0,31.0,,,2028.0,25.0,,,,,2027.0,0.0
14,-1,700,KELP,2025.0,2.0,2024.0,23.0,,,2028.0,23.0,,,,,2026.5,0.0
15,-1,700,RAINFOREST_RESIN,9995.0,23.0,,,,,10005.0,23.0,,,,,10000.0,0.0
16,-1,800,RAINFOREST_RESIN,9996.0,1.0,9995.0,29.0,,,10004.0,1.0,10005.0,29.0,,,10000.0,0.0
17,-1,800,KELP,2024.0,1.0,2023.0,29.0,,,2027.0,30.0,,,,,2025.5,0.0
18,-1,900,KELP,2024.0,23.0,,,,,2027.0,23.0,,,,,2025.5,0.0
19,-1,900,RAINFOREST_RESIN,9996.0,1.0,9995.0,22.0,,,10004.0,1.0,10005.0,22.0,,,10000.0,0.0
20,-1,1000,RAINFOREST_RESIN,9995.0,26.0,,,,,10005.0,26.0,,,,,10000.0,0.0
21,-1,1000,KELP,2024.0,26.0,,,,,2026.0,6.0,2027.0,26.0,,,2025.0,0.0
22,-1,1100,KELP,2025.0,6.0,2024.0,26.0,,,2027.0,2.0,2028.0,24.0,,,2026.0,0.0
23,-1,1100,RAINFOREST_RESIN,9996.0,2.0,9995.0,24.0,,,10004.0,2.0,10005.0,24.0,,,10000.0,0.0
24,-1,1200,RAINFOREST_RESIN,9995.0,21.0,,,,,9998.0,1.0,10005.0,21.0,,,9996.5,0.0
25,-1,1200,KELP,2024.0,21.0,,,,,2026.0,8.0,2028.0,21.0,,,2025.0,0.0
26,-1,1300,KELP,2024.0,31.0,,,,,2028.0,31.0,,,,,2026.0,0.0
27,-1,1300,RAINFOREST_RESIN,10002.0,1.0,9996.0,1.0,9995.0,30.0,10004.0,1.0,10005.0,30.0,,,10003.0,2.0
28,-1,1400,RAINFOREST_RESIN,9996.0,1.0,9995.0,25.0,,,10004.0,1.0,10005.0,25.0,,,10000.0,4.0
29,-1,1400,KELP,2025.0,3.0,2024.0,25.0,,,2028.0,26.0,,,,,2026.5,0.0
30,-1,1500,KELP,2024.0,27.0,,,,,2028.0,27.0,,,,,2026.0,0.0
31,-1,1500,RAINFOREST_RESIN,9995.0,27.0,,,,,10005.0,27.0,,,,,10000.0,4.0
32,-1,1600,RAINFOREST_RESIN,9995.0,29.0,,,,,10005.0,29.0,,,,,10000.0,4.0
33,-1,1600,KELP,2024.0,29.0,,,,,2026.0,4.0,2028.0,29.0,,,2025.0,0.0
34,-1,1700,KELP,2024.0,22.0,,,,,2026.0,8.0,2028.0,22.0,,,2025.0,0.0
35,-1,1700,RAINFOREST_RESIN,9996.0,2.0,9995.0,20.0,,,10002.0,1.0,10004.0,2.0,10005.0,20.0,9999.0,4.0
36,-1,1800,RAINFOREST_RESIN,10002.0,1.0,9996.0,1.0,9995.0,22.0,10004.0,1.0,10005.0,22.0,,,10003.0,4.0
37,-1,1800,KELP,2024.0,23.0,,,,,2028.0,23.0,,,,,2026.0,0.0
38,-1,1900,KELP,2024.0,29.0,,,,,2026.0,5.0,2027.0,29.0,,,2025.0,0.0
39,-1,1900,RAINFOREST_RESIN,9996.0,1.0,9995.0,28.0,,,10004.0,1.0,10005.0,28.0,,,10000.0,6.0
40,-1,2000,KELP,2024.0,26.0,,,,,2027.0,26.0,,,,,2025.5,0.0
41,-1,2000,RAINFOREST_RESIN,9996.0,2.0,9995.0,24.0,,,9998.0,1.0,10004.0,2.0,10005.0,24.0,9997.0,6.0
42,-1,2100,RAINFOREST_RESIN,9996.0,2.0,9995.0,25.0,,,10002.0,3.0,10004.0,2.0,10005.0,25.0,9999.0,8.0
43,-1,2100,KELP,2024.0,27.0,,,,,2027.0,2.0,2028.0,25.0,,,2025.5,0.0
44,-1,2200,RAINFOREST_RESIN,9998.0,8.0,9996.0,1.0,9995.0,24.0,10004.0,1.0,10005.0,24.0,,,10001.0,8.0
45,-1,2200,KELP,2024.0,25.0,,,,,2026.0,7.0,2027.0,1.0,2028.0,24.0,2025.0,0.0
46,-1,2300,KELP,2024.0,32.0,,,,,2028.0,32.0,,,,,2026.0,0.0
47,-1,2300,RAINFOREST_RESIN,9998.0,7.0,9996.0,2.0,9995.0,30.0,10004.0,2.0,10005.0,30.0,,,10001.0,8.0
48,-1,2400,KELP,2024.0,29.0,,,,,2025.0,1.0,2028.0,29.0,,,2024.5,0.0
49,-1,2400,RAINFOREST_RESIN,9995.0,29.0,,,,,10005.0,29.0,,,,,10000.0,8.0
50,-1,2500,RAINFOREST_RESIN,9996.0,1.0,9995.0,22.0,,,10004.0,1.0,10005.0,22.0,,,10000.0,8.0
51,-1,2500,KELP,2025.0,2.0,2024.0,23.0,,,2027.0,1.0,2028.0,22.0,,,2026.0,0.0
52,-1,2600,RAINFOREST_RESIN,9995.0,23.0,,,,,10005.0,23.0,,,,,10000.0,8.0
53,-1,2600,KELP,2025.0,3.0,2024.0,23.0,,,2028.0,23.0,,,,,2026.5,0.0
54,-1,2700,KELP,2024.0,26.0,,,,,2027.0,26.0,,,,,2025.5,0.0
55,-1,2700,RAINFOREST_RESIN,9998.0,6.0,9995.0,26.0,,,10005.0,26.0,,,,,10001.5,8.0
56,-1,2800,KELP,2023.0,25.0,,,,,2027.0,25.0,,,,,2025.0,0.0
57,-1,2800,RAINFOREST_RESIN,9995.0,25.0,,,,,10005.0,25.0,,,,,10000.0,8.0
58,-1,2900,RAINFOREST_RESIN,9996.0,1.0,9995.0,25.0,,,10004.0,1.0,10005.0,25.0,,,10000.0,8.0
59,-1,2900,KELP,2023.0,26.0,,,,,2027.0,26.0,,,,,2025.0,0.0
60,-1,3000,RAINFOREST_RESIN,9998.0,1.0,9995.0,26.0,,,10005.0,26.0,,,,,10001.5,8.0
61,-1,3000,KELP,2024.0,29.0,,,,,2027.0,26.0,,,,,2025.5,0.0
62,-1,3100,KELP,2023.0,26.0,,,,,2025.0,5.0,2026.0,26.0,,,2024.0,0.0
63,-1,3100,RAINFOREST_RESIN,9996.0,2.0,9995.0,24.0,,,10004.0,2.0,10005.0,24.0,,,10000.0,8.0
64,-1,3200,KELP,2023.0,23.0,,,,,2025.0,3.0,2026.0,23.0,,,2024.0,0.0
65,-1,3200,RAINFOREST_RESIN,9996.0,1.0,9995.0,22.0,,,10004.0,1.0,10005.0,22.0,,,10000.0,8.0
66,-1,3300,RAINFOREST_RESIN,9996.0,2.0,9995.0,30.0,,,10004.0,2.0,10005.0,30.0,,,10000.0,8.0
67,-1,3300,KELP,2023.0,32.0,,,,,2025.0,2.0,2026.0,32.0,,,2024.0,0.0
68,-1,3400,RAINFOREST_RESIN,9996.0,2.0,9995.0,24.0,,,10004.0,2.0,10005.0,24.0,,,10000.0,8.0
69,-1,3400,KELP,2023.0,26.0,,,,,2026.0,26.0,,,,,2024.5,0.0
70,-1,3500,KELP,2023.0,26.0,,,,,2026.0,26.0,,,,,2024.5,0.0
71,-1,3500,RAINFOREST_RESIN,9995.0,26.0,,,,,10005.0,26.0,,,,,10000.0,8.0
72,-1,3600,KELP,2023.0,21.0,,,,,2026.0,21.0,,,,,2024.5,0.0
73,-1,3600,RAINFOREST_RESIN,9995.0,21.0,,,,,9998.0,4.0,10005.0,21.0,,,9996.5,8.0
74,-1,3700,RAINFOREST_RESIN,10002.0,1.0,9996.0,1.0,9995.0,23.0,10004.0,1.0,10005.0,23.0,,,10003.0,16.0
75,-1,3700,KELP,2023.0,27.0,,,,,2026.0,24.0,,,,,2024.5,0.0
76,-1,3800,RAINFOREST_RESIN,9996.0,2.0,9995.0,23.0,,,10002.0,10.0,10004.0,2.0,10005.0,23.0,9999.0,18.0
77,-1,3800,KELP,2023.0,25.0,,,,,2026.0,25.0,,,,,2024.5,0.0
78,-1,3900,KELP,2023.0,28.0,,,,,2026.0,26.0,,,,,2024.5,0.0
79,-1,3900,RAINFOREST_RESIN,9998.0,1.0,9996.0,1.0,9995.0,25.0,10004.0,1.0,10005.0,25.0,,,10001.0,18.0
80,-1,4000,KELP,2023.0,32.0,,,,,2026.0,32.0,,,,,2024.5,0.0
81,-1,4000,RAINFOREST_RESIN,9996.0,2.0,9995.0,30.0,,,10004.0,2.0,10005.0,30.0,,,10000.0,18.0
82,-1,4100,RAINFOREST_RESIN,9996.0,2.0,9995.0,27.0,,,10004.0,2.0,10005.0,27.0,,,10000.0,18.0
83,-1,4100,KELP,2023.0,29.0,,,,,2027.0,29.0,,,,,2025.0,0.0
84,-1,4200,RAINFOREST_RESIN,9996.0,2.0,9995.0,24.0,,,10002.0,4.0,10004.0,2.0,10005.0,24.0,9999.0,18.0
85,-1,4200,KELP,2023.0,26.0,,,,,2027.0,26.0,,,,,2025.0,0.0
86,-1,4300,KELP,2023.0,29.0,,,,,2024.0,5.0,2026.0,22.0,,,2023.5,0.0
87,-1,4300,RAINFOREST_RESIN,9995.0,22.0,,,,,9998.0,1.0,10000.0,6.0,10005.0,22.0,9996.5,18.0
88,-1,4400,KELP,2023.0,30.0,,,,,2026.0,30.0,,,,,2024.5,0.0
89,-1,4400,RAINFOREST_RESIN,9995.0,30.0,,,,,10005.0,30.0,,,,,10000.0,20.0
90,-1,4500,RAINFOREST_RESIN,9996.0,1.0,9995.0,28.0,,,10002.0,10.0,10004.0,1.0,10005.0,28.0,9999.0,20.0
91,-1,4500,KELP,2023.0,28.0,,,,,2026.0,29.0,,,,,2024.5,0.0
92,-1,4600,RAINFOREST_RESIN,9996.0,1.0,9995.0,29.0,,,10002.0,10.0,10004.0,1.0,10005.0,29.0,9999.0,20.0
93,-1,4600,KELP,2023.0,30.0,,,,,2026.0,30.0,,,,,2024.5,0.0
94,-1,4700,KELP,2023.0,25.0,,,,,2025.0,3.0,2026.0,32.0,,,2024.0,0.0
95,-1,4700,RAINFOREST_RESIN,9996.0,2.0,9995.0,30.0,,,10004.0,2.0,10005.0,30.0,,,10000.0,20.0
96,-1,4800,KELP,2023.0,24.0,,,,,2027.0,24.0,,,,,2025.0,0.0
97,-1,4800,RAINFOREST_RESIN,9998.0,6.0,9996.0,2.0,9995.0,22.0,10004.0,2.0,10005.0,22.0,,,10001.0,20.0
98,-1,4900,RAINFOREST_RESIN,9995.0,22.0,,,,,10002.0,7.0,10005.0,22.0,,,9998.5,20.0
99,-1,4900,KELP,2023.0,22.0,,,,,2027.0,22.0,,,,,2025.0,0.0
100,-1,5000,RAINFOREST_RESIN,9998.0,3.0,9996.0,2.0,9995.0,28.0,10004.0,2.0,10005.0,28.0,,,10001.0,20.0
101,-1,5000,KELP,2023.0,30.0,,,,,2026.0,30.0,,,,,2024.5,0.0
102,-1,5100,KELP,2023.0,37.0,,,,,2026.0,31.0,,,,,2024.5,0.0
103,-1,5100,RAINFOREST_RESIN,9996.0,1.0,9995.0,30.0,,,10004.0,1.0,10005.0,30.0,,,10000.0,20.0
104,-1,5200,KELP,2023.0,35.0,,,,,2026.0,27.0,,,,,2024.5,0.0
105,-1,5200,RAINFOREST_RESIN,9998.0,9.0,9996.0,1.0,9995.0,26.0,10004.0,1.0,10005.0,26.0,,,10001.0,20.0
106,-1,5300,RAINFOREST_RESIN,9996.0,1.0,9995.0,20.0,,,10004.0,1.0,10005.0,20.0,,,10000.0,20.0
107,-1,5300,KELP,2025.0,1.0,2023.0,21.0,,,2026.0,21.0,,,,,2025.5,0.0
108,-1,5400,RAINFOREST_RESIN,9995.0,21.0,,,,,10005.0,21.0,,,,,10000.0,20.0
109,-1,5400,KELP,2023.0,21.0,,,,,2025.0,6.0,2027.0,21.0,,,2024.0,0.0
110,-1,5500,KELP,2023.0,27.0,,,,,2027.0,27.0,,,,,2025.0,0.0
111,-1,5500,RAINFOREST_RESIN,9995.0,27.0,,,,,10005.0,27.0,,,,,10000.0,20.0
112,-1,5600,KELP,2025.0,2.0,2023.0,28.0,,,2027.0,28.0,,,,,2026.0,0.0
113,-1,5600,RAINFOREST_RESIN,9995.0,28.0,,,,,10005.0,28.0,,,,,10000.0,20.0
114,-1,5700,RAINFOREST_RESIN,9998.0,2.0,9995.0,27.0,,,10005.0,27.0,,,,,10001.5,20.0
115,-1,5700,KELP,2024.0,26.0,,,,,2027.0,27.0,,,,,2025.5,0.0
116,-1,5800,RAINFOREST_RESIN,9996.0,1.0,9995.0,30.0,,,10004.0,1.0,10005.0,30.0,,,10000.0,20.0
117,-1,5800,KELP,2024.0,31.0,,,,,2027.0,31.0,,,,,2025.5,0.0
118,-1,5900,KELP,2024.0,35.0,,,,,2027.0,30.0,,,,,2025.5,0.0
119,-1,5900,RAINFOREST_RESIN,9996.0,2.0,9995.0,28.0,,,10004.0,2.0,10005.0,28.0,,,10000.0,20.0
120,-1,6000,KELP,2024.0,30.0,,,,,2027.0,30.0,,,,,2025.5,0.0
121,-1,6000,RAINFOREST_RESIN,9995.0,30.0,,,,,10005.0,30.0,,,,,10000.0,20.0
122,-1,6100,RAINFOREST_RESIN,9996.0,1.0,9995.0,24.0,,,10004.0,1.0,10005.0,24.0,,,10000.0,20.0
123,-1,6100,KELP,2024.0,24.0,,,,,2027.0,25.0,,,,,2025.5,0.0
124,-1,6200,RAINFOREST_RESIN,9996.0,1.0,9995.0,21.0,,,10004.0,1.0,10005.0,21.0,,,10000.0,20.0
125,-1,6200,KELP,2024.0,22.0,,,,,2027.0,22.0,,,,,2025.5,0.0
126,-1,6300,KELP,2024.0,30.0,,,,,2027.0,25.0,,,,,2025.5,0.0
127,-1,6300,RAINFOREST_RESIN,9996.0,2.0,9995.0,23.0,,,10004.0,2.0,10005.0,23.0,,,10000.0,20.0
128,-1,6400,KELP,2024.0,25.0,,,,,2027.0,25.0,,,,,2025.5,0.0
129,-1,6400,RAINFOREST_RESIN,9996.0,1.0,9995.0,24.0,,,10004.0,1.0,10005.0,24.0,,,10000.0,20.0
130,-1,6500,RAINFOREST_RESIN,9996.0,1.0,9995.0,26.0,,,9998.0,1.0,10004.0,1.0,10005.0,26.0,9997.0,20.0
131,-1,6500,KELP,2024.0,27.0,,,,,2027.0,27.0,,,,,2025.5,0.0
132,-1,6600,RAINFOREST_RESIN,9996.0,2.0,9995.0,24.0,,,10004.0,2.0,10005.0,24.0,,,10000.0,22.0
133,-1,6600,KELP,2024.0,26.0,,,,,2028.0,26.0,,,,,2026.0,0.0
134,-1,6700,KELP,2025.0,7.0,2024.0,20.0,,,2028.0,20.0,,,,,2026.5,0.0
135,-1,6700,RAINFOREST_RESIN,9995.0,20.0,,,,,10002.0,3.0,10005.0,20.0,,,9998.5,22.0
136,-1,6800,KELP,2024.0,32.0,,,,,2026.0,8.0,2027.0,2.0,2028.0,30.0,2025.0,0.0
137,-1,6800,RAINFOREST_RESIN,9996.0,2.0,9995.0,30.0,,,10004.0,2.0,10005.0,30.0,,,10000.0,22.0
138,-1,6900,RAINFOREST_RESIN,9996.0,1.0,9995.0,26.0,,,10002.0,5.0,10004.0,1.0,10005.0,26.0,9999.0,22.0
139,-1,6900,KELP,2024.0,27.0,,,,,2026.0,1.0,2027.0,27.0,,,2025.0,0.0
140,-1,7000,RAINFOREST_RESIN,9998.0,2.0,9995.0,27.0,,,10005.0,27.0,,,,,10001.5,22.0
141,-1,7000,KELP,2026.0,4.0,2024.0,27.0,,,2027.0,27.0,,,,,2026.5,0.0
142,-1,7100,KELP,2024.0,30.0,,,,,2027.0,30.0,,,,,2025.5,0.0
143,-1,7100,RAINFOREST_RESIN,9996.0,1.0,9995.0,29.0,,,10004.0,1.0,10005.0,29.0,,,10000.0,22.0
144,-1,7200,KELP,2024.0,28.0,,,,,2027.0,28.0,,,,,2025.5,0.0
145,-1,7200,RAINFOREST_RESIN,9998.0,5.0,9996.0,1.0,9995.0,27.0,10004.0,1.0,10005.0,27.0,,,10001.0,22.0
146,-1,7300,RAINFOREST_RESIN,10002.0,1.0,9996.0,2.0,9995.0,29.0,10004.0,2.0,10005.0,29.0,,,10003.0,22.0
147,-1,7300,KELP,2024.0,35.0,,,,,2027.0,31.0,,,,,2025.5,0.0
148,-1,7400,RAINFOREST_RESIN,9996.0,1.0,9995.0,22.0,,,10004.0,1.0,10005.0,22.0,,,10000.0,24.0
149,-1,7400,KELP,2024.0,22.0,,,,,2027.0,23.0,,,,,2025.5,0.0
150,-1,7500,KELP,2024.0,25.0,,,,,2027.0,25.0,,,,,2025.5,0.0
151,-1,7500,RAINFOREST_RESIN,9995.0,25.0,,,,,10002.0,10.0,10005.0,25.0,,,9998.5,24.0
152,-1,7600,KELP,2024.0,22.0,,,,,2027.0,22.0,,,,,2025.5,0.0
153,-1,7600,RAINFOREST_RESIN,9996.0,2.0,9995.0,20.0,,,10004.0,2.0,10005.0,20.0,,,10000.0,24.0
154,-1,7700,RAINFOREST_RESIN,9995.0,22.0,,,,,10005.0,22.0,,,,,10000.0,24.0
155,-1,7700,KELP,2024.0,21.0,,,,,2027.0,22.0,,,,,2025.5,0.0
156,-1,7800,RAINFOREST_RESIN,9998.0,3.0,9996.0,1.0,9995.0,22.0,10004.0,1.0,10005.0,22.0,,,10001.0,24.0
157,-1,7800,KELP,2024.0,23.0,,,,,2027.0,23.0,,,,,2025.5,0.0
158,-1,7900,KELP,2024.0,31.0,,,,,2027.0,27.0,,,,,2025.5,0.0
159,-1,7900,RAINFOREST_RESIN,9996.0,1.0,9995.0,26.0,,,10004.0,1.0,10005.0,26.0,,,10000.0,24.0
160,-1,8000,KELP,2024.0,27.0,,,,,2026.0,8.0,2027.0,27.0,,,2025.0,0.0
161,-1,8000,RAINFOREST_RESIN,9995.0,27.0,,,,,10005.0,27.0,,,,,10000.0,24.0
162,-1,8100,RAINFOREST_RESIN,9996.0,1.0,9995.0,22.0,,,10004.0,1.0,10005.0,22.0,,,10000.0,24.0
163,-1,8100,KELP,2023.0,23.0,,,,,2027.0,23.0,,,,,2025.0,0.0
164,-1,8200,RAINFOREST_RESIN,9995.0,23.0,,,,,10005.0,23.0,,,,,10000.0,24.0
165,-1,8200,KELP,2023.0,23.0,,,,,2025.0,1.0,2026.0,23.0,,,2024.0,0.0
166,-1,8300,KELP,2023.0,30.0,,,,,2026.0,30.0,,,,,2024.5,0.0
167,-1,8300,RAINFOREST_RESIN,9996.0,1.0,9995.0,29.0,,,10004.0,1.0,10005.0,29.0,,,10000.0,24.0
168,-1,8400,RAINFOREST_RESIN,9995.0,28.0,,,,,10005.0,28.0,,,,,10000.0,24.0
169,-1,8400,KELP,2023.0,28.0,,,,,2026.0,28.0,,,,,2024.5,0.0
170,-1,8500,KELP,2023.0,31.0,,,,,2026.0,31.0,,,,,2024.5,0.0
171,-1,8500,RAINFOREST_RESIN,9998.0,10.0,9996.0,2.0,9995.0,29.0,10004.0,2.0,10005.0,29.0,,,10001.0,24.0
172,-1,8600,RAINFOREST_RESIN,9996.0,1.0,9995.0,22.0,,,10004.0,1.0,10005.0,22.0,,,10000.0,24.0
173,-1,8600,KELP,2023.0,22.0,,,,,2026.0,23.0,,,,,2024.5,0.0
174,-1,8700,KELP,2023.0,27.0,,,,,2025.0,4.0,2026.0,27.0,,,2024.0,0.0
175,-1,8700,RAINFOREST_RESIN,9998.0,10.0,9995.0,27.0,,,10005.0,27.0,,,,,10001.5,24.0
176,-1,8800,RAINFOREST_RESIN,9995.0,25.0,,,,,9998.0,1.0,10005.0,25.0,,,9996.5,24.0
177,-1,8800,KELP,2024.0,7.0,2023.0,25.0,,,2027.0,25.0,,,,,2025.5,0.0
178,-1,8900,KELP,2024.0,1.0,2023.0,26.0,,,2027.0,26.0,,,,,2025.5,0.0
179,-1,8900,RAINFOREST_RESIN,9998.0,9.0,9995.0,26.0,,,10005.0,26.0,,,,,10001.5,26.0
180,-1,9000,RAINFOREST_RESIN,9996.0,2.0,9995.0,29.0,,,10004.0,2.0,10005.0,29.0,,,10000.0,26.0
181,-1,9000,KELP,2023.0,31.0,,,,,2027.0,31.0,,,,,2025.0,0.0
182,-1,9100,KELP,2023.0,29.0,,,,,2026.0,2.0,2027.0,27.0,,,2024.5,0.0
183,-1,9100,RAINFOREST_RESIN,9998.0,3.0,9996.0,2.0,9995.0,27.0,10004.0,2.0,10005.0,27.0,,,10001.0,26.0
184,-1,9200,RAINFOREST_RESIN,9998.0,10.0,9995.0,27.0,,,10005.0,27.0,,,,,10001.5,26.0
185,-1,9200,KELP,2023.0,27.0,,,,,2025.0,7.0,2026.0,27.0,,,2024.0,0.0
186,-1,9300,KELP,2023.0,21.0,,,,,2026.0,21.0,,,,,2024.5,0.0
187,-1,9300,RAINFOREST_RESIN,9996.0,1.0,9995.0,20.0,,,10004.0,1.0,10005.0,20.0,,,10000.0,26.0
188,-1,9400,RAINFOREST_RESIN,9998.0,2.0,9996.0,2.0,9995.0,21.0,10004.0,2.0,10005.0,21.0,,,10001.0,26.0
189,-1,9400,KELP,2023.0,23.0,,,,,2026.0,23.0,,,,,2024.5,0.0
190,-1,9500,KELP,2023.0,35.0,,,,,2026.0,31.0,,,,,2024.5,0.0
191,-1,9500,RAINFOREST_RESIN,9996.0,1.0,9995.0,30.0,,,10004.0,1.0,10005.0,30.0,,,10000.0,26.0
192,-1,9600,RAINFOREST_RESIN,9996.0,1.0,9995.0,30.0,,,10004.0,1.0,10005.0,30.0,,,10000.0,26.0
193,-1,9600,KELP,2023.0,31.0,,,,,2026.0,31.0,,,,,2024.5,0.0
194,-1,9700,KELP,2023.0,22.0,,,,,2026.0,22.0,,,,,2024.5,0.0
195,-1,9700,RAINFOREST_RESIN,9995.0,22.0,,,,,10002.0,1.0,10005.0,22.0,,,9998.5,26.0
196,-1,9800,RAINFOREST_RESIN,9995.0,26.0,,,,,10005.0,26.0,,,,,10000.0,26.0
197,-1,9800,KELP,2023.0,26.0,,,,,2026.0,26.0,,,,,2024.5,0.0
198,-1,9900,KELP,2025.0,4.0,2023.0,25.0,,,2026.0,25.0,,,,,2025.5,0.0
199,-1,9900,RAINFOREST_RESIN,9995.0,25.0,,,,,10005.0,25.0,,,,,10000.0,26.0
200,-1,10000,RAINFOREST_RESIN,9995.0,28.0,,,,,10005.0,28.0,,,,,10000.0,26.0
201,-1,10000,KELP,2023.0,36.0,,,,,2026.0,28.0,,,,,2024.5,0.0
202,-1,10100,KELP,2023.0,25.0,,,,,2026.0,25.0,,,,,2024.5,0.0
203,-1,10100,RAINFOREST_RESIN,9996.0,1.0,9995.0,24.0,,,10002.0,3.0,10004.0,1.0,10005.0,24.0,9999.0,26.0
204,-1,10200,RAINFOREST_RESIN,9996.0,2.0,9995.0,26.0,,,10004.0,2.0,10005.0,26.0,,,10000.0,26.0
205,-1,10200,KELP,2022.0,28.0,,,,,2026.0,28.0,,,,,2024.0,0.0
206,-1,10300,KELP,2024.0,1.0,2022.0,35.0,,,2025.0,27.0,,,,,2024.5,0.0
207,-1,10300,RAINFOREST_RESIN,9998.0,4.0,9995.0,27.0,,,10005.0,27.0,,,,,10001.5,26.0
208,-1,10400,RAINFOREST_RESIN,10002.0,1.0,9996.0,1.0,9995.0,28.0,10004.0,1.0,10005.0,28.0,,,10003.0,26.0
209,-1,10400,KELP,2023.0,1.0,2022.0,29.0,,,2026.0,29.0,,,,,2024.5,0.0
210,-1,10500,KELP,2023.0,2.0,2022.0,29.0,,,2026.0,31.0,,,,,2024.5,0.0
211,-1,10500,RAINFOREST_RESIN,9998.0,4.0,9996.0,2.0,9995.0,29.0,10004.0,2.0,10005.0,29.0,,,10001.0,28.0
212,-1,10600,RAINFOREST_RESIN,9996.0,2.0,9995.0,29.0,,,10000.0,4.0,10004.0,2.0,10005.0,29.0,9998.0,28.0
213,-1,10600,KELP,2022.0,31.0,,,,,2023.0,4.0,2024.0,4.0,2025.0,31.0,2022.5,0.0
214,-1,10700,KELP,2022.0,29.0,,,,,2025.0,28.0,,,,,2023.5,0.0
215,-1,10700,RAINFOREST_RESIN,9998.0,8.0,9995.0,28.0,,,10005.0,28.0,,,,,10001.5,28.0
216,-1,10800,RAINFOREST_RESIN,9998.0,5.0,9996.0,2.0,9995.0,22.0,10004.0,2.0,10005.0,22.0,,,10001.0,28.0
217,-1,10800,KELP,2022.0,27.0,,,,,2025.0,24.0,,,,,2023.5,0.0
218,-1,10900,KELP,2022.0,35.0,,,,,2025.0,28.0,,,,,2023.5,0.0
219,-1,10900,RAINFOREST_RESIN,9996.0,1.0,9995.0,27.0,,,10004.0,1.0,10005.0,27.0,,,10000.0,28.0
220,-1,11000,KELP,2024.0,7.0,2022.0,24.0,,,2025.0,24.0,,,,,2024.5,0.0
221,-1,11000,RAINFOREST_RESIN,9995.0,24.0,,,,,10002.0,7.0,10005.0,24.0,,,9998.5,28.0
222,-1,11100,RAINFOREST_RESIN,9998.0,3.0,9995.0,21.0,,,10005.0,21.0,,,,,10001.5,28.0
223,-1,11100,KELP,2022.0,21.0,,,,,2025.0,21.0,,,,,2023.5,2.9443359375
224,-1,11200,RAINFOREST_RESIN,9996.0,2.0,9995.0,21.0,,,10002.0,7.0,10004.0,2.0,10005.0,21.0,9999.0,28.0
225,-1,11200,KELP,2022.0,23.0,,,,,2025.0,23.0,,,,,2023.5,3.5068359375
226,-1,11300,KELP,2022.0,25.0,,,,,2025.0,22.0,,,,,2023.5,2.9794921875
227,-1,11300,RAINFOREST_RESIN,9996.0,1.0,9995.0,21.0,,,10004.0,1.0,10005.0,21.0,,,10000.0,28.0
228,-1,11400,KELP,2022.0,26.0,,,,,2025.0,26.0,,,,,2023.5,2.220703125
229,-1,11400,RAINFOREST_RESIN,9996.0,1.0,9995.0,25.0,,,10004.0,1.0,10005.0,25.0,,,10000.0,28.0
230,-1,11500,RAINFOREST_RESIN,9996.0,1.0,9995.0,25.0,,,10002.0,7.0,10004.0,1.0,10005.0,25.0,9999.0,28.0
231,-1,11500,KELP,2022.0,26.0,,,,,2024.0,8.0,2025.0,26.0,,,2023.0,2.51171875
232,-1,11600,RAINFOREST_RESIN,9996.0,2.0,9995.0,27.0,,,10002.0,2.0,10004.0,2.0,10005.0,27.0,9999.0,28.0
233,-1,11600,KELP,2022.0,29.0,,,,,2026.0,29.0,,,,,2024.0,-0.775390625
234,-1,11700,KELP,2022.0,23.0,,,,,2023.0,2.0,2026.0,23.0,,,2022.5,0.5244140625
235,-1,11700,RAINFOREST_RESIN,9996.0,2.0,9995.0,21.0,,,10004.0,2.0,10005.0,21.0,,,10000.0,28.0
236,-1,11800,KELP,2022.0,29.0,,,,,2024.0,4.0,2026.0,29.0,,,2023.0,-1.275390625
237,-1,11800,RAINFOREST_RESIN,9998.0,10.0,9995.0,29.0,,,10000.0,5.0,10005.0,29.0,,,9999.0,28.0
238,-1,11900,RAINFOREST_RESIN,9996.0,2.0,9995.0,30.0,,,10004.0,2.0,10005.0,30.0,,,10000.0,28.0
239,-1,11900,KELP,2023.0,2.0,2022.0,30.0,,,2024.0,3.0,2026.0,32.0,,,2023.5,-0.9921875
240,-1,12000,RAINFOREST_RESIN,10002.0,1.0,9995.0,20.0,,,10005.0,20.0,,,,,10003.5,28.0
241,-1,12000,KELP,2023.0,20.0,,,,,2026.0,20.0,,,,,2024.5,-3.296875
242,-1,12100,KELP,2023.0,27.0,,,,,2025.0,1.0,2026.0,27.0,,,2024.0,-3.2080078125
243,-1,12100,RAINFOREST_RESIN,9996.0,2.0,9995.0,25.0,,,10004.0,2.0,10005.0,25.0,,,10000.0,30.0
244,-1,12200,KELP,2023.0,34.0,,,,,2026.0,30.0,,,,,2024.5,-3.115234375
245,-1,12200,RAINFOREST_RESIN,9996.0,2.0,9995.0,28.0,,,10004.0,2.0,10005.0,28.0,,,10000.0,30.0
246,-1,12300,RAINFOREST_RESIN,9998.0,6.0,9996.0,1.0,9995.0,28.0,10004.0,1.0,10005.0,28.0,,,10001.0,30.0
247,-1,12300,KELP,2023.0,29.0,,,,,2026.0,29.0,,,,,2024.5,-3.5478515625
248,-1,12400,RAINFOREST_RESIN,9995.0,26.0,,,,,10005.0,26.0,,,,,10000.0,30.0
249,-1,12400,KELP,2023.0,30.0,,,,,2026.0,26.0,,,,,2024.5,-3.892578125
250,-1,12500,KELP,2023.0,19.0,,,,,2026.0,20.0,,,,,2024.5,-3.017578125
251,-1,12500,RAINFOREST_RESIN,9995.0,20.0,,,,,10005.0,20.0,,,,,10000.0,30.0
252,-1,12600,KELP,2023.0,22.0,,,,,2026.0,22.0,,,,,2024.5,-2.146484375
253,-1,12600,RAINFOREST_RESIN,9995.0,22.0,,,,,10005.0,22.0,,,,,10000.0,30.0
254,-1,12700,RAINFOREST_RESIN,9996.0,2.0,9995.0,20.0,,,10004.0,2.0,10005.0,20.0,,,10000.0,30.0
255,-1,12700,KELP,2023.0,22.0,,,,,2026.0,22.0,,,,,2024.5,-2.7978515625
256,-1,12800,RAINFOREST_RESIN,9996.0,2.0,9995.0,20.0,,,10004.0,2.0,10005.0,20.0,,,10000.0,30.0
257,-1,12800,KELP,2023.0,22.0,,,,,2026.0,22.0,,,,,2024.5,-3.2890625
258,-1,12900,KELP,2023.0,36.0,,,,,2026.0,29.0,,,,,2024.5,-3.921875
259,-1,12900,RAINFOREST_RESIN,9996.0,1.0,9995.0,28.0,,,10002.0,3.0,10004.0,1.0,10005.0,28.0,9999.0,30.0
260,-1,13000,KELP,2025.0,1.0,2023.0,6.0,2022.0,20.0,2026.0,20.0,,,,,2025.5,-1.009765625
261,-1,13000,RAINFOREST_RESIN,10002.0,1.0,9995.0,20.0,,,10005.0,20.0,,,,,10003.5,30.0
262,-1,13100,RAINFOREST_RESIN,9996.0,1.0,9995.0,25.0,,,10004.0,1.0,10005.0,25.0,,,10000.0,32.0
263,-1,13100,KELP,2023.0,33.0,,,,,2026.0,26.0,,,,,2024.5,-2.00390625
264,-1,13200,RAINFOREST_RESIN,9998.0,2.0,9995.0,22.0,,,10005.0,22.0,,,,,10001.5,32.0
265,-1,13200,KELP,2022.0,22.0,,,,,2025.0,5.0,2026.0,22.0,,,2023.5,-1.4931640625
266,-1,13300,KELP,2023.0,6.0,2022.0,24.0,,,2026.0,24.0,,,,,2024.5,-1.2763671875
267,-1,13300,RAINFOREST_RESIN,9995.0,24.0,,,,,10005.0,24.0,,,,,10000.0,32.0
268,-1,13400,KELP,2023.0,32.0,,,,,2026.0,32.0,,,,,2024.5,-1.541015625
269,-1,13400,RAINFOREST_RESIN,9996.0,2.0,9995.0,30.0,,,10004.0,2.0,10005.0,30.0,,,10000.0,32.0
270,-1,13500,RAINFOREST_RESIN,9995.0,30.0,,,,,10005.0,30.0,,,,,10000.0,32.0
271,-1,13500,KELP,2022.0,30.0,,,,,2025.0,8.0,2026.0,30.0,,,2023.5,-1.4560546875
272,-1,13600,RAINFOREST_RESIN,9995.0,25.0,,,,,10002.0,10.0,10005.0,25.0,,,9998.5,32.0
273,-1,13600,KELP,2023.0,24.0,,,,,2025.0,3.0,2026.0,25.0,,,2024.0,-2.5302734375
274,-1,13700,KELP,2023.0,25.0,,,,,2026.0,21.0,,,,,2024.5,-2.552734375
275,-1,13700,RAINFOREST_RESIN,9996.0,1.0,9995.0,20.0,,,9998.0,4.0,10004.0,1.0,10005.0,20.0,9997.0,32.0
276,-1,13800,KELP,2023.0,23.0,,,,,2026.0,22.0,,,,,2024.5,-2.9794921875
277,-1,13800,RAINFOREST_RESIN,9996.0,2.0,9995.0,20.0,,,10004.0,2.0,10005.0,20.0,,,10000.0,40.0
278,-1,13900,RAINFOREST_RESIN,9996.0,2.0,9995.0,20.0,,,10000.0,6.0,10004.0,2.0,10005.0,20.0,9998.0,40.0
279,-1,13900,KELP,2023.0,22.0,,,,,2024.0,6.0,2025.0,4.0,2026.0,22.0,2023.5,-2.044921875
280,-1,14000,RAINFOREST_RESIN,9998.0,5.0,9996.0,2.0,9995.0,27.0,10004.0,2.0,10005.0,27.0,,,10001.0,40.0
281,-1,14000,KELP,2023.0,3.0,2022.0,29.0,,,2026.0,29.0,,,,,2024.5,-0.7548828125
282,-1,14100,KELP,2023.0,25.0,,,,,2025.0,1.0,2026.0,25.0,,,2024.0,-3.060546875
283,-1,14100,RAINFOREST_RESIN,9996.0,2.0,9995.0,23.0,,,10004.0,2.0,10005.0,23.0,,,10000.0,40.0
284,-1,14200,KELP,2023.0,20.0,,,,,2026.0,21.0,,,,,2024.5,-3.1953125
285,-1,14200,RAINFOREST_RESIN,9995.0,21.0,,,,,10005.0,21.0,,,,,10000.0,40.0
286,-1,14300,RAINFOREST_RESIN,9996.0,2.0,9995.0,27.0,,,10004.0,2.0,10005.0,27.0,,,10000.0,40.0
287,-1,14300,KELP,2022.0,29.0,,,,,2026.0,29.0,,,,,2024.0,-0.017578125
288,-1,14400,RAINFOREST_RESIN,9996.0,1.0,9995.0,29.0,,,10004.0,1.0,10005.0,29.0,,,10000.0,40.0
289,-1,14400,KELP,2023.0,30.0,,,,,2026.0,30.0,,,,,2024.5,-1.611328125
290,-1,14500,KELP,2023.0,24.0,,,,,2026.0,24.0,,,,,2024.5,-1.8955078125
291,-1,14500,RAINFOREST_RESIN,9995.0,24.0,,,,,10002.0,1.0,10005.0,24.0,,,9998.5,40.0
292,-1,14600,KELP,2022.0,28.0,,,,,2024.0,2.0,2026.0,28.0,,,2023.0,-0.5244140625
293,-1,14600,RAINFOREST_RESIN,9996.0,2.0,9995.0,26.0,,,10000.0,2.0,10004.0,2.0,10005.0,26.0,9998.0,40.0
294,-1,14700,RAINFOREST_RESIN,9995.0,30.0,,,,,10002.0,7.0,10005.0,30.0,,,9998.5,40.0
295,-1,14700,KELP,2022.0,30.0,,,,,2025.0,30.0,,,,,2023.5,2.1640625
296,-1,14800,RAINFOREST_RESIN,9995.0,28.0,,,,,10002.0,6.0,10005.0,28.0,,,9998.5,40.0
297,-1,14800,KELP,2022.0,28.0,,,,,2025.0,28.0,,,,,2023.5,2.2431640625
298,-1,14900,KELP,2023.0,4.0,2022.0,26.0,,,2025.0,26.0,,,,,2024.0,2.4443359375
299,-1,14900,RAINFOREST_RESIN,10000.0,4.0,9995.0,26.0,,,10005.0,26.0,,,,,10002.5,40.0
300,-1,15000,KELP,2024.0,8.0,2022.0,25.0,,,2025.0,25.0,,,,,2024.5,3.0166015625
301,-1,15000,RAINFOREST_RESIN,9998.0,1.0,9995.0,25.0,,,10005.0,25.0,,,,,10001.5,40.0
302,-1,15100,RAINFOREST_RESIN,9995.0,22.0,,,,,10005.0,22.0,,,,,10000.0,40.0
303,-1,15100,KELP,2022.0,27.0,,,,,2025.0,22.0,,,,,2023.5,4.3076171875
304,-1,15200,RAINFOREST_RESIN,9998.0,6.0,9995.0,27.0,,,10005.0,27.0,,,,,10001.5,40.0
305,-1,15200,KELP,2022.0,26.0,,,,,2025.0,27.0,,,,,2023.5,4.380859375
306,-1,15300,KELP,2022.0,26.0,,,,,2024.0,4.0,2025.0,26.0,,,2023.0,4.626953125
307,-1,15300,RAINFOREST_RESIN,9995.0,26.0,,,,,10002.0,1.0,10005.0,26.0,,,9998.5,40.0
308,-1,15400,KELP,2022.0,35.0,,,,,2025.0,30.0,,,,,2023.5,5.0458984375
309,-1,15400,RAINFOREST_RESIN,9996.0,2.0,9995.0,28.0,,,9998.0,1.0,10004.0,2.0,10005.0,28.0,9997.0,40.0
310,-1,15500,RAINFOREST_RESIN,10002.0,1.0,9996.0,2.0,9995.0,29.0,10004.0,2.0,10005.0,29.0,,,10003.0,42.0
311,-1,15500,KELP,2022.0,31.0,,,,,2024.0,8.0,2025.0,31.0,,,2023.0,4.1875
312,-1,15600,RAINFOREST_RESIN,9996.0,2.0,9995.0,24.0,,,10004.0,2.0,10005.0,24.0,,,10000.0,44.0
313,-1,15600,KELP,2022.0,31.0,,,,,2025.0,26.0,,,,,2023.5,3.4765625
314,-1,15700,KELP,2022.0,25.0,,,,,2025.0,25.0,,,,,2023.5,2.36328125
315,-1,15700,RAINFOREST_RESIN,10002.0,5.0,9996.0,1.0,9995.0,24.0,10004.0,1.0,10005.0,24.0,,,10003.0,44.0
316,-1,15800,KELP,2025.0,1.0,2022.0,22.0,,,2026.0,22.0,,,,,2025.5,-0.064453125
317,-1,15800,RAINFOREST_RESIN,9998.0,10.0,9996.0,2.0,9995.0,20.0,10004.0,2.0,10005.0,20.0,,,10001.0,54.0
318,-1,15900,RAINFOREST_RESIN,9996.0,2.0,9995.0,29.0,,,10000.0,6.0,10004.0,2.0,10005.0,29.0,9998.0,54.0
319,-1,15900,KELP,2023.0,31.0,,,,,2024.0,6.0,2025.0,2.0,2026.0,31.0,2023.5,-2.224609375
320,-1,16000,RAINFOREST_RESIN,9996.0,2.0,9995.0,27.0,,,10002.0,6.0,10004.0,2.0,10005.0,27.0,9999.0,54.0
321,-1,16000,KELP,2023.0,29.0,,,,,2025.0,2.0,2026.0,29.0,,,2024.0,-1.8779296875
322,-1,16100,KELP,2022.0,21.0,,,,,2023.0,2.0,2026.0,21.0,,,2022.5,1.203125
323,-1,16100,RAINFOREST_RESIN,9995.0,21.0,,,,,10000.0,2.0,10002.0,10.0,10005.0,21.0,9997.5,54.0
324,-1,16200,KELP,2022.0,24.0,,,,,2023.0,1.0,2026.0,24.0,,,2022.5,0.392578125
325,-1,16200,RAINFOREST_RESIN,9995.0,24.0,,,,,9998.0,1.0,10005.0,24.0,,,9996.5,54.0
326,-1,16300,RAINFOREST_RESIN,9996.0,1.0,9995.0,22.0,,,10004.0,1.0,10005.0,22.0,,,10000.0,56.0
327,-1,16300,KELP,2023.0,2.0,2022.0,23.0,,,2026.0,23.0,,,,,2024.5,0.61328125
328,-1,16400,RAINFOREST_RESIN,9996.0,2.0,9995.0,30.0,,,10002.0,3.0,10004.0,2.0,10005.0,30.0,9999.0,56.0
329,-1,16400,KELP,2023.0,2.0,2022.0,30.0,,,2026.0,32.0,,,,,2024.5,-0.806640625
330,-1,16500,KELP,2023.0,2.0,2022.0,21.0,,,2026.0,23.0,,,,,2024.5,-0.966796875
331,-1,16500,RAINFOREST_RESIN,9996.0,2.0,9995.0,21.0,,,10002.0,7.0,10004.0,2.0,10005.0,21.0,9999.0,56.0
332,-1,16600,KELP,2022.0,30.0,,,,,2023.0,1.0,2026.0,30.0,,,2022.5,-0.2568359375
333,-1,16600,RAINFOREST_RESIN,9998.0,4.0,9996.0,2.0,9995.0,28.0,10004.0,2.0,10005.0,28.0,,,10001.0,56.0
334,-1,16700,RAINFOREST_RESIN,10002.0,1.0,9995.0,26.0,,,10005.0,26.0,,,,,10003.5,56.0
335,-1,16700,KELP,2025.0,1.0,2022.0,26.0,,,2026.0,26.0,,,,,2025.5,-0.84375
336,-1,16800,RAINFOREST_RESIN,9995.0,26.0,,,,,10005.0,26.0,,,,,10000.0,58.0
337,-1,16800,KELP,2022.0,26.0,,,,,2026.0,26.0,,,,,2024.0,-0.0712890625
338,-1,16900,KELP,2023.0,1.0,2022.0,25.0,,,2026.0,26.0,,,,,2024.5,-0.908203125
339,-1,16900,RAINFOREST_RESIN,9996.0,1.0,9995.0,25.0,,,10004.0,1.0,10005.0,25.0,,,10000.0,58.0
340,-1,17000,KELP,2023.0,29.0,,,,,2026.0,29.0,,,,,2024.5,-1.759765625
341,-1,17000,RAINFOREST_RESIN,9998.0,9.0,9995.0,29.0,,,10005.0,29.0,,,,,10001.5,58.0
342,-1,17100,KELP,2023.0,23.0,,,,,2026.0,23.0,,,,,2024.5,-2.5107421875
343,-1,17100,RAINFOREST_RESIN,9996.0,2.0,9995.0,21.0,,,10004.0,2.0,10005.0,21.0,,,10000.0,58.0
344,-1,17200,RAINFOREST_RESIN,9998.0,3.0,9996.0,2.0,9995.0,22.0,10004.0,2.0,10005.0,22.0,,,10001.0,58.0
345,-1,17200,KELP,2023.0,24.0,,,,,2026.0,24.0,,,,,2024.5,-3.4140625
346,-1,17300,KELP,2023.0,25.0,,,,,2025.0,6.0,2026.0,25.0,,,2024.0,-3.994140625
347,-1,17300,RAINFOREST_RESIN,9996.0,2.0,9995.0,23.0,,,10002.0,9.0,10004.0,2.0,10005.0,23.0,9999.0,58.0
348,-1,17400,RAINFOREST_RESIN,10000.0,6.0,9998.0,7.0,9995.0,28.0,10005.0,28.0,,,,,10002.5,58.0
349,-1,17400,KELP,2024.0,6.0,2023.0,28.0,,,2026.0,28.0,,,,,2025.0,-5.484375
350,-1,17500,KELP,2023.0,26.0,,,,,2027.0,26.0,,,,,2025.0,-5.732421875
351,-1,17500,RAINFOREST_RESIN,9995.0,26.0,,,,,10005.0,26.0,,,,,10000.0,58.0
352,-1,17600,RAINFOREST_RESIN,9998.0,6.0,9995.0,30.0,,,10005.0,30.0,,,,,10001.5,58.0
353,-1,17600,KELP,2023.0,30.0,,,,,2026.0,30.0,,,,,2024.5,-5.0068359375
354,-1,17700,KELP,2025.0,1.0,2023.0,29.0,,,2026.0,29.0,,,,,2025.5,-4.4931640625
355,-1,17700,RAINFOREST_RESIN,9996.0,2.0,9995.0,27.0,,,10004.0,2.0,10005.0,27.0,,,10000.0,58.0
356,-1,17800,RAINFOREST_RESIN,9996.0,2.0,9995.0,24.0,,,10002.0,5.0,10004.0,2.0,10005.0,24.0,9999.0,58.0
357,-1,17800,KELP,2023.0,26.0,,,,,2026.0,2.0,2027.0,24.0,,,2024.5,-5.51171875
358,-1,17900,KELP,2023.0,23.0,,,,,2027.0,23.0,,,,,2025.0,-5.7998046875
359,-1,17900,RAINFOREST_RESIN,9995.0,23.0,,,,,10005.0,23.0,,,,,10000.0,58.0
360,-1,18000,RAINFOREST_RESIN,9996.0,2.0,9995.0,25.0,,,10004.0,2.0,10005.0,25.0,,,10000.0,58.0
361,-1,18000,KELP,2023.0,27.0,,,,,2026.0,27.0,,,,,2024.5,-5.228515625
362,-1,18100,KELP,2023.0,20.0,,,,,2027.0,20.0,,,,,2025.0,-7.1767578125
363,-1,18100,RAINFOREST_RESIN,9995.0,20.0,,,,,10005.0,20.0,,,,,10000.0,58.0
364,-1,18200,RAINFOREST_RESIN,9996.0,1.0,9995.0,25.0,,,10004.0,1.0,10005.0,25.0,,,10000.0,58.0
365,-1,18200,KELP,2024.0,21.0,,,,,2027.0,26.0,,,,,2025.5,-9.2783203125
366,-1,18300,KELP,2023.0,25.0,,,,,2027.0,25.0,,,,,2025.0,-7.77734375
367,-1,18300,RAINFOREST_RESIN,9996.0,2.0,9995.0,23.0,,,10004.0,2.0,10005.0,23.0,,,10000.0,58.0
368,-1,18400,RAINFOREST_RESIN,9996.0,2.0,9995.0,23.0,,,10004.0,2.0,10005.0,23.0,,,10000.0,58.0
369,-1,18400,KELP,2024.0,25.0,,,,,2026.0,5.0,2027.0,25.0,,,2025.0,-10.5234375
370,-1,18500,KELP,2024.0,29.0,,,,,2025.0,1.0,2027.0,29.0,,,2024.5,-10.962890625
371,-1,18500,RAINFOREST_RESIN,9995.0,29.0,,,,,10000.0,2.0,10005.0,29.0,,,9997.5,58.0
372,-1,18600,RAINFOREST_RESIN,10002.0,1.0,9995.0,20.0,,,10005.0,20.0,,,,,10003.5,58.0
373,-1,18600,KELP,2024.0,20.0,,,,,2026.0,5.0,2027.0,20.0,,,2025.0,-11.7099609375
374,-1,18700,KELP,2024.0,22.0,,,,,2027.0,22.0,,,,,2025.5,-11.916015625
375,-1,18700,RAINFOREST_RESIN,9995.0,22.0,,,,,10005.0,22.0,,,,,10000.0,60.0
376,-1,18800,RAINFOREST_RESIN,9996.0,2.0,9995.0,26.0,,,10004.0,2.0,10005.0,26.0,,,10000.0,60.0
377,-1,18800,KELP,2024.0,28.0,,,,,2027.0,28.0,,,,,2025.5,-10.29296875
378,-1,18900,KELP,2024.0,22.0,,,,,2027.0,22.0,,,,,2025.5,-11.0087890625
379,-1,18900,RAINFOREST_RESIN,9998.0,2.0,9995.0,22.0,,,10005.0,22.0,,,,,10001.5,60.0
380,-1,19000,RAINFOREST_RESIN,9996.0,2.0,9995.0,26.0,,,10004.0,2.0,10005.0,26.0,,,10000.0,60.0
381,-1,19000,KELP,2024.0,18.0,,,,,2027.0,28.0,,,,,2025.5,-11.15234375
382,-1,19100,KELP,2024.0,28.0,,,,,2027.0,28.0,,,,,2025.5,-11.341796875
383,-1,19100,RAINFOREST_RESIN,9996.0,2.0,9995.0,26.0,,,10004.0,2.0,10005.0,26.0,,,10000.0,60.0
384,-1,19200,RAINFOREST_RESIN,9996.0,1.0,9995.0,20.0,,,9998.0,1.0,10004.0,1.0,10005.0,20.0,9997.0,60.0
385,-1,19200,KELP,2024.0,21.0,,,,,2027.0,21.0,,,,,2025.5,-11.7861328125
386,-1,19300,KELP,2024.0,23.0,,,,,2027.0,23.0,,,,,2025.5,-11.888671875
387,-1,19300,RAINFOREST_RESIN,9996.0,2.0,9995.0,21.0,,,10004.0,2.0,10005.0,21.0,,,10000.0,62.0
388,-1,19400,RAINFOREST_RESIN,9995.0,26.0,,,,,10005.0,26.0,,,,,10000.0,62.0
389,-1,19400,KELP,2023.0,26.0,,,,,2027.0,26.0,,,,,2025.0,-8.2255859375
390,-1,19500,KELP,2024.0,23.0,,,,,2027.0,23.0,,,,,2025.5,-10.29296875
391,-1,19500,RAINFOREST_RESIN,9995.0,23.0,,,,,10005.0,23.0,,,,,10000.0,62.0
392,-1,19600,RAINFOREST_RESIN,9996.0,2.0,9995.0,27.0,,,10004.0,2.0,10005.0,27.0,,,10000.0,62.0
393,-1,19600,KELP,2024.0,2.0,2023.0,27.0,,,2027.0,29.0,,,,,2025.5,-8.263671875
394,-1,19700,KELP,2024.0,31.0,,,,,2026.0,7.0,2027.0,32.0,,,2025.0,-8.912109375
395,-1,19700,RAINFOREST_RESIN,10002.0,1.0,9996.0,2.0,9995.0,30.0,10004.0,2.0,10005.0,30.0,,,10003.0,62.0
396,-1,19800,RAINFOREST_RESIN,9996.0,2.0,9995.0,29.0,,,10004.0,2.0,10005.0,29.0,,,10000.0,64.0
397,-1,19800,KELP,2024.0,31.0,,,,,2027.0,31.0,,,,,2025.5,-9.76171875
398,-1,19900,KELP,2024.0,32.0,,,,,2027.0,32.0,,,,,2025.5,-10.6728515625
399,-1,19900,RAINFOREST_RESIN,9996.0,2.0,9995.0,30.0,,,10004.0,2.0,10005.0,30.0,,,10000.0,64.0
400,-1,20000,KELP,2024.0,2.0,2023.0,27.0,,,2027.0,27.0,,,,,2025.5,-6.7548828125
401,-1,20000,RAINFOREST_RESIN,9995.0,27.0,,,,,10002.0,4.0,10005.0,27.0,,,9998.5,64.0
402,-1,20100,RAINFOREST_RESIN,10002.0,1.0,9996.0,1.0,9995.0,30.0,10004.0,1.0,10005.0,30.0,,,10003.0,64.0
403,-1,20100,KELP,2023.0,31.0,,,,,2025.0,4.0,2027.0,31.0,,,2024.0,-7.1328125
404,-1,20200,RAINFOREST_RESIN,9995.0,29.0,,,,,9998.0,1.0,10005.0,29.0,,,9996.5,66.0
405,-1,20200,KELP,2023.0,29.0,,,,,2027.0,29.0,,,,,2025.0,-6.2314453125
406,-1,20300,KELP,2024.0,26.0,,,,,2027.0,27.0,,,,,2025.5,-11.205078125
407,-1,20300,RAINFOREST_RESIN,9995.0,27.0,,,,,10005.0,27.0,,,,,10000.0,68.0
408,-1,20400,KELP,2024.0,30.0,,,,,2025.0,4.0,2027.0,29.0,,,2024.5,-9.2333984375
409,-1,20400,RAINFOREST_RESIN,9996.0,1.0,9995.0,28.0,,,10000.0,4.0,10004.0,1.0,10005.0,28.0,9998.0,68.0
410,-1,20500,RAINFOREST_RESIN,10000.0,3.0,9996.0,2.0,9995.0,30.0,10004.0,2.0,10005.0,30.0,,,10002.0,68.0
411,-1,20500,KELP,2025.0,4.0,2024.0,7.0,2023.0,30.0,2027.0,32.0,,,,,2026.0,-7.9931640625
412,-1,20600,RAINFOREST_RESIN,9996.0,2.0,9995.0,26.0,,,10004.0,2.0,10005.0,26.0,,,10000.0,68.0
413,-1,20600,KELP,2023.0,28.0,,,,,2027.0,28.0,,,,,2025.0,-7.7919921875
414,-1,20700,KELP,2025.0,6.0,2023.0,22.0,,,2027.0,22.0,,,,,2026.0,-8.0498046875
415,-1,20700,RAINFOREST_RESIN,10002.0,1.0,10000.0,6.0,9998.0,4.0,10005.0,22.0,,,,,10003.5,68.0
416,-1,20800,KELP,2024.0,2.0,2023.0,22.0,,,2027.0,24.0,,,,,2025.5,-8.134765625
417,-1,20800,RAINFOREST_RESIN,9996.0,2.0,9995.0,22.0,,,10004.0,2.0,10005.0,22.0,,,10000.0,70.0
418,-1,20900,RAINFOREST_RESIN,9995.0,23.0,,,,,10005.0,23.0,,,,,10000.0,70.0
419,-1,20900,KELP,2026.0,1.0,2023.0,23.0,,,2027.0,23.0,,,,,2026.5,-8.44921875
420,-1,21000,RAINFOREST_RESIN,9996.0,2.0,9995.0,26.0,,,10004.0,2.0,10005.0,26.0,,,10000.0,70.0
421,-1,21000,KELP,2024.0,28.0,,,,,2027.0,28.0,,,,,2025.5,-8.78515625
422,-1,21100,KELP,2024.0,2.0,2023.0,22.0,,,2027.0,24.0,,,,,2025.5,-8.1591796875
423,-1,21100,RAINFOREST_RESIN,9996.0,2.0,9995.0,22.0,,,10004.0,2.0,10005.0,22.0,,,10000.0,70.0
424,-1,21200,KELP,2024.0,22.0,,,,,2027.0,22.0,,,,,2025.5,-9.1640625
425,-1,21200,RAINFOREST_RESIN,9995.0,22.0,,,,,9998.0,1.0,10005.0,22.0,,,9996.5,70.0
426,-1,21300,RAINFOREST_RESIN,9996.0,1.0,9995.0,29.0,,,10002.0,7.0,10004.0,1.0,10005.0,29.0,9999.0,72.0
427,-1,21300,KELP,2024.0,1.0,2023.0,29.0,,,2027.0,30.0,,,,,2025.5,-8.3515625
428,-1,21400,RAINFOREST_RESIN,9995.0,28.0,,,,,10005.0,28.0,,,,,10000.0,72.0
429,-1,21400,KELP,2024.0,28.0,,,,,2027.0,28.0,,,,,2025.5,-9.0791015625
430,-1,21500,KELP,2026.0,4.0,2024.0,21.0,,,2027.0,21.0,,,,,2026.5,-11.873046875
431,-1,21500,RAINFOREST_RESIN,9996.0,1.0,9995.0,20.0,,,10004.0,1.0,10005.0,20.0,,,10000.0,72.0
432,-1,21600,KELP,2024.0,27.0,,,,,2027.0,2.0,2028.0,25.0,,,2025.5,-12.74609375
433,-1,21600,RAINFOREST_RESIN,10002.0,12.0,9996.0,2.0,9995.0,25.0,10004.0,2.0,10005.0,25.0,,,10003.0,72.0
434,-1,21700,RAINFOREST_RESIN,9998.0,8.0,9996.0,2.0,9995.0,29.0,10004.0,2.0,10005.0,29.0,,,10001.0,96.0
435,-1,21700,KELP,2024.0,31.0,,,,,2027.0,31.0,,,,,2025.5,-12.1181640625
436,-1,21800,RAINFOREST_RESIN,9996.0,2.0,9995.0,22.0,,,10004.0,2.0,10005.0,22.0,,,10000.0,96.0
437,-1,21800,KELP,2024.0,24.0,,,,,2028.0,24.0,,,,,2026.0,-13.3447265625
438,-1,21900,KELP,2024.0,22.0,,,,,2028.0,22.0,,,,,2026.0,-13.6376953125
439,-1,21900,RAINFOREST_RESIN,10002.0,3.0,9996.0,1.0,9995.0,21.0,10004.0,1.0,10005.0,21.0,,,10003.0,96.0
440,-1,22000,KELP,2024.0,21.0,,,,,2028.0,21.0,,,,,2026.0,-12.7119140625
441,-1,22000,RAINFOREST_RESIN,9995.0,21.0,,,,,10005.0,21.0,,,,,10000.0,102.0
442,-1,22100,RAINFOREST_RESIN,9996.0,2.0,9995.0,22.0,,,10002.0,7.0,10004.0,2.0,10005.0,22.0,9999.0,102.0
443,-1,22100,KELP,2024.0,23.0,,,,,2027.0,24.0,,,,,2025.5,-10.482421875
444,-1,22200,RAINFOREST_RESIN,9998.0,6.0,9996.0,1.0,9995.0,20.0,10004.0,1.0,10005.0,20.0,,,10001.0,102.0
445,-1,22200,KELP,2024.0,21.0,,,,,2027.0,21.0,,,,,2025.5,-9.1083984375
446,-1,22300,KELP,2023.0,29.0,,,,,2026.0,1.0,2027.0,28.0,,,2024.5,-5.5673828125
447,-1,22300,RAINFOREST_RESIN,9996.0,1.0,9995.0,28.0,,,10004.0,1.0,10005.0,28.0,,,10000.0,102.0
448,-1,22400,KELP,2023.0,29.0,,,,,2026.0,29.0,,,,,2024.5,-5.263671875
449,-1,22400,RAINFOREST_RESIN,9996.0,2.0,9995.0,27.0,,,9998.0,1.0,10004.0,2.0,10005.0,27.0,9997.0,102.0
450,-1,22500,RAINFOREST_RESIN,9996.0,2.0,9995.0,29.0,,,10004.0,2.0,10005.0,29.0,,,10000.0,104.0
451,-1,22500,KELP,2023.0,31.0,,,,,2026.0,31.0,,,,,2024.5,-3.6875
452,-1,22600,RAINFOREST_RESIN,10000.0,6.0,9998.0,6.0,9996.0,2.0,10004.0,2.0,10005.0,20.0,,,10002.0,104.0
453,-1,22600,KELP,2024.0,6.0,2023.0,26.0,,,2026.0,22.0,,,,,2025.0,-3.1787109375
454,-1,22700,KELP,2023.0,25.0,,,,,2026.0,26.0,,,,,2024.5,-2.93359375
455,-1,22700,RAINFOREST_RESIN,9996.0,2.0,9995.0,24.0,,,10004.0,2.0,10005.0,24.0,,,10000.0,104.0
456,-1,22800,KELP,2023.0,27.0,,,,,2026.0,28.0,,,,,2024.5,-1.56640625
457,-1,22800,RAINFOREST_RESIN,9996.0,1.0,9995.0,27.0,,,9998.0,2.0,10004.0,1.0,10005.0,27.0,9997.0,104.0
458,-1,22900,RAINFOREST_RESIN,9996.0,2.0,9995.0,30.0,,,10002.0,8.0,10004.0,2.0,10005.0,30.0,9999.0,108.0
459,-1,22900,KELP,2023.0,2.0,2022.0,30.0,,,2026.0,32.0,,,,,2024.5,-1.20703125
460,-1,23000,RAINFOREST_RESIN,9996.0,1.0,9995.0,21.0,,,10004.0,1.0,10005.0,21.0,,,10000.0,108.0
461,-1,23000,KELP,2022.0,22.0,,,,,2026.0,22.0,,,,,2024.0,-0.2568359375
462,-1,23100,KELP,2023.0,23.0,,,,,2026.0,23.0,,,,,2024.5,-2.119140625
463,-1,23100,RAINFOREST_RESIN,9998.0,8.0,9995.0,23.0,,,10005.0,23.0,,,,,10001.5,108.0
464,-1,23200,KELP,2023.0,2.0,2022.0,29.0,,,2024.0,3.0,2026.0,31.0,,,2023.5,-1.318359375
465,-1,23200,RAINFOREST_RESIN,9998.0,5.0,9996.0,2.0,9995.0,29.0,10004.0,2.0,10005.0,29.0,,,10001.0,108.0
466,-1,23300,RAINFOREST_RESIN,9996.0,1.0,9995.0,29.0,,,10004.0,1.0,10005.0,29.0,,,10000.0,108.0
467,-1,23300,KELP,2023.0,30.0,,,,,2026.0,30.0,,,,,2024.5,-2.5234375
468,-1,23400,RAINFOREST_RESIN,9996.0,1.0,9995.0,29.0,,,10004.0,1.0,10005.0,29.0,,,10000.0,108.0
469,-1,23400,KELP,2023.0,30.0,,,,,2026.0,30.0,,,,,2024.5,-2.6005859375
470,-1,23500,KELP,2023.0,29.0,,,,,2025.0,4.0,2026.0,30.0,,,2024.0,-2.5380859375
471,-1,23500,RAINFOREST_RESIN,9998.0,8.0,9996.0,2.0,9995.0,28.0,10004.0,2.0,10005.0,28.0,,,10001.0,108.0
472,-1,23600,KELP,2022.0,27.0,,,,,2026.0,27.0,,,,,2024.0,-1.3330078125
473,-1,23600,RAINFOREST_RESIN,9995.0,27.0,,,,,10005.0,27.0,,,,,10000.0,108.0
474,-1,23700,RAINFOREST_RESIN,10002.0,1.0,9996.0,2.0,9995.0,21.0,10004.0,2.0,10005.0,21.0,,,10003.0,108.0
475,-1,23700,KELP,2023.0,2.0,2022.0,21.0,,,2025.0,7.0,2026.0,23.0,,,2024.0,-1.416015625
476,-1,23800,RAINFOREST_RESIN,9995.0,30.0,,,,,10005.0,30.0,,,,,10000.0,110.0
477,-1,23800,KELP,2024.0,1.0,2022.0,30.0,,,2026.0,30.0,,,,,2025.0,0.853515625
478,-1,23900,KELP,2025.0,1.0,2023.0,1.0,2022.0,30.0,2026.0,30.0,,,,,2025.5,-0.7421875
479,-1,23900,RAINFOREST_RESIN,9995.0,30.0,,,,,10005.0,30.0,,,,,10000.0,110.0
480,-1,24000,KELP,2022.0,29.0,,,,,2026.0,29.0,,,,,2024.0,-0.701171875
481,-1,24000,RAINFOREST_RESIN,9998.0,9.0,9995.0,29.0,,,10005.0,29.0,,,,,10001.5,110.0
482,-1,24100,RAINFOREST_RESIN,9996.0,1.0,9995.0,25.0,,,10004.0,1.0,10005.0,25.0,,,10000.0,110.0
483,-1,24100,KELP,2023.0,1.0,2022.0,25.0,,,2025.0,3.0,2026.0,26.0,,,2024.0,-1.4658203125
484,-1,24200,RAINFOREST_RESIN,9996.0,2.0,9995.0,28.0,,,10002.0,6.0,10004.0,2.0,10005.0,28.0,9999.0,110.0
485,-1,24200,KELP,2023.0,30.0,,,,,2026.0,30.0,,,,,2024.5,-2.5146484375
486,-1,24300,KELP,2023.0,26.0,,,,,2026.0,26.0,,,,,2024.5,-2.6796875
487,-1,24300,RAINFOREST_RESIN,9996.0,2.0,9995.0,24.0,,,10002.0,1.0,10004.0,2.0,10005.0,24.0,9999.0,110.0
488,-1,24400,KELP,2025.0,1.0,2023.0,22.0,,,2026.0,22.0,,,,,2025.5,-1.8076171875
489,-1,24400,RAINFOREST_RESIN,10002.0,1.0,9998.0,4.0,9996.0,1.0,10004.0,1.0,10005.0,21.0,,,10003.0,110.0
490,-1,24500,RAINFOREST_RESIN,10002.0,1.0,9996.0,1.0,9995.0,25.0,10004.0,1.0,10005.0,25.0,,,10003.0,112.0
491,-1,24500,KELP,2022.0,26.0,,,,,2026.0,26.0,,,,,2024.0,-0.146484375
492,-1,24600,RAINFOREST_RESIN,9995.0,24.0,,,,,9998.0,2.0,10005.0,24.0,,,9996.5,114.0
493,-1,24600,KELP,2022.0,24.0,,,,,2024.0,2.0,2026.0,24.0,,,2023.0,-1.2744140625
494,-1,24700,KELP,2023.0,25.0,,,,,2026.0,25.0,,,,,2024.5,-2.216796875
495,-1,24700,RAINFOREST_RESIN,9995.0,25.0,,,,,10005.0,25.0,,,,,10000.0,118.0
496,-1,24800,KELP,2022.0,23.0,,,,,2026.0,23.0,,,,,2024.0,-0.359375
497,-1,24800,RAINFOREST_RESIN,9995.0,23.0,,,,,10005.0,23.0,,,,,10000.0,118.0
498,-1,24900,RAINFOREST_RESIN,10002.0,1.0,9996.0,1.0,9995.0,22.0,10004.0,1.0,10005.0,22.0,,,10003.0,118.0
499,-1,24900,KELP,2024.0,4.0,2022.0,23.0,,,2026.0,23.0,,,,,2025.0,-0.7724609375
500,-1,25000,RAINFOREST_RESIN,9995.0,23.0,,,,,10005.0,23.0,,,,,10000.0,120.0
501,-1,25000,KELP,2023.0,23.0,,,,,2026.0,23.0,,,,,2024.5,-2.048828125
502,-1,25100,KELP,2022.0,25.0,,,,,2024.0,4.0,2026.0,25.0,,,2023.0,-1.048828125
503,-1,25100,RAINFOREST_RESIN,10002.0,1.0,9995.0,25.0,,,10005.0,25.0,,,,,10003.5,120.0
504,-1,25200,KELP,2023.0,1.0,2022.0,24.0,,,2025.0,3.0,2026.0,25.0,,,2024.0,-1.3330078125
505,-1,25200,RAINFOREST_RESIN,9996.0,1.0,9995.0,24.0,,,9998.0,5.0,10004.0,1.0,10005.0,24.0,9997.0,122.0
506,-1,25300,RAINFOREST_RESIN,9996.0,2.0,9995.0,22.0,,,10004.0,2.0,10005.0,22.0,,,10000.0,132.0
507,-1,25300,KELP,2023.0,4.0,2022.0,22.0,,,2026.0,24.0,,,,,2024.5,-1.32421875
508,-1,25400,RAINFOREST_RESIN,9996.0,1.0,9995.0,29.0,,,10004.0,1.0,10005.0,29.0,,,10000.0,132.0
509,-1,25400,KELP,2025.0,8.0,2023.0,30.0,,,2026.0,30.0,,,,,2025.5,-1.771484375
510,-1,25500,KELP,2022.0,21.0,,,,,2025.0,21.0,,,,,2023.5,2.1884765625
511,-1,25500,RAINFOREST_RESIN,9996.0,1.0,9995.0,20.0,,,9998.0,6.0,10002.0,9.0,10004.0,1.0,9997.0,132.0
512,-1,25600,KELP,2023.0,31.0,,,,,2026.0,23.0,,,,,2024.5,-1.8916015625
513,-1,25600,RAINFOREST_RESIN,9996.0,1.0,9995.0,22.0,,,10002.0,7.0,10004.0,1.0,10005.0,22.0,9999.0,144.0
514,-1,25700,RAINFOREST_RESIN,9996.0,2.0,9995.0,30.0,,,10004.0,2.0,10005.0,30.0,,,10000.0,144.0
515,-1,25700,KELP,2023.0,32.0,,,,,2025.0,6.0,2026.0,32.0,,,2024.0,-2.86328125
516,-1,25800,RAINFOREST_RESIN,10002.0,4.0,9995.0,24.0,,,10005.0,24.0,,,,,10003.5,144.0
517,-1,25800,KELP,2023.0,23.0,,,,,2026.0,24.0,,,,,2024.5,-4.0498046875
518,-1,25900,KELP,2023.0,25.0,,,,,2026.0,25.0,,,,,2024.5,-2.4658203125
519,-1,25900,RAINFOREST_RESIN,9996.0,2.0,9995.0,23.0,,,10004.0,2.0,10005.0,23.0,,,10000.0,152.0
520,-1,26000,RAINFOREST_RESIN,9996.0,2.0,9995.0,27.0,,,10004.0,2.0,10005.0,27.0,,,10000.0,152.0
521,-1,26000,KELP,2023.0,22.0,,,,,2026.0,29.0,,,,,2024.5,-1.5390625
522,-1,26100,KELP,2023.0,20.0,,,,,2026.0,20.0,,,,,2024.5,-2.609375
523,-1,26100,RAINFOREST_RESIN,9998.0,7.0,9995.0,20.0,,,10005.0,20.0,,,,,10001.5,152.0
524,-1,26200,RAINFOREST_RESIN,9996.0,1.0,9995.0,22.0,,,10004.0,1.0,10005.0,22.0,,,10000.0,152.0
525,-1,26200,KELP,2023.0,23.0,,,,,2026.0,23.0,,,,,2024.5,-2.8994140625
526,-1,26300,KELP,2023.0,30.0,,,,,2026.0,30.0,,,,,2024.5,-2.6142578125
527,-1,26300,RAINFOREST_RESIN,9996.0,1.0,9995.0,29.0,,,9998.0,1.0,10004.0,1.0,10005.0,29.0,9997.0,152.0
528,-1,26400,RAINFOREST_RESIN,9995.0,22.0,,,,,10005.0,22.0,,,,,10000.0,154.0
529,-1,26400,KELP,2023.0,27.0,,,,,2026.0,22.0,,,,,2024.5,-2.064453125
530,-1,26500,KELP,2023.0,24.0,,,,,2026.0,24.0,,,,,2024.5,-1.9375
531,-1,26500,RAINFOREST_RESIN,9996.0,1.0,9995.0,23.0,,,10004.0,1.0,10005.0,23.0,,,10000.0,154.0
532,-1,26600,RAINFOREST_RESIN,9996.0,2.0,9995.0,28.0,,,9998.0,1.0,10004.0,2.0,10005.0,28.0,9997.0,154.0
533,-1,26600,KELP,2023.0,36.0,,,,,2026.0,30.0,,,,,2024.5,-2.51953125
534,-1,26700,KELP,2023.0,24.0,,,,,2025.0,6.0,2026.0,24.0,,,2024.0,-2.443359375
535,-1,26700,RAINFOREST_RESIN,9998.0,2.0,9996.0,1.0,9995.0,23.0,10004.0,1.0,10005.0,23.0,,,10001.0,156.0
536,-1,26800,RAINFOREST_RESIN,9996.0,2.0,9995.0,28.0,,,10004.0,2.0,10005.0,28.0,,,10000.0,156.0
537,-1,26800,KELP,2025.0,1.0,2023.0,30.0,,,2026.0,30.0,,,,,2025.5,-2.2265625
538,-1,26900,KELP,2023.0,29.0,,,,,2026.0,30.0,,,,,2024.5,-2.0947265625
539,-1,26900,RAINFOREST_RESIN,10002.0,1.0,9995.0,30.0,,,10005.0,30.0,,,,,10003.5,156.0
540,-1,27000,RAINFOREST_RESIN,9995.0,28.0,,,,,10002.0,1.0,10005.0,28.0,,,9998.5,158.0
541,-1,27000,KELP,2023.0,30.0,,,,,2026.0,28.0,,,,,2024.5,-2.171875
542,-1,27100,KELP,2023.0,27.0,,,,,2026.0,24.0,,,,,2024.5,-2.7978515625
543,-1,27100,RAINFOREST_RESIN,9995.0,24.0,,,,,10005.0,24.0,,,,,10000.0,158.0
544,-1,27200,RAINFOREST_RESIN,9998.0,2.0,9995.0,21.0,,,10005.0,21.0,,,,,10001.5,158.0
545,-1,27200,KELP,2023.0,21.0,,,,,2025.0,2.0,2026.0,21.0,,,2024.0,-2.5107421875
546,-1,27300,KELP,2025.0,1.0,2023.0,31.0,,,2026.0,31.0,,,,,2025.5,-2.71875
547,-1,27300,RAINFOREST_RESIN,9996.0,2.0,9995.0,29.0,,,10004.0,2.0,10005.0,29.0,,,10000.0,158.0
548,-1,27400,RAINFOREST_RESIN,9995.0,21.0,,,,,10005.0,21.0,,,,,10000.0,158.0
549,-1,27400,KELP,2023.0,21.0,,,,,2026.0,21.0,,,,,2024.5,-4.447265625
550,-1,27500,KELP,2023.0,23.0,,,,,2025.0,6.0,2026.0,23.0,,,2024.0,-4.740234375
551,-1,27500,RAINFOREST_RESIN,9996.0,1.0,9995.0,22.0,,,10004.0,1.0,10005.0,22.0,,,10000.0,158.0
552,-1,27600,RAINFOREST_RESIN,9998.0,5.0,9995.0,24.0,,,10005.0,24.0,,,,,10001.5,158.0
553,-1,27600,KELP,2023.0,30.0,,,,,2026.0,24.0,,,,,2024.5,-3.919921875
554,-1,27700,KELP,2023.0,19.0,,,,,2026.0,24.0,,,,,2024.5,-4.22265625
555,-1,27700,RAINFOREST_RESIN,9995.0,24.0,,,,,10005.0,24.0,,,,,10000.0,158.0
556,-1,27800,RAINFOREST_RESIN,9998.0,9.0,9996.0,2.0,9995.0,26.0,10004.0,2.0,10005.0,26.0,,,10001.0,158.0
557,-1,27800,KELP,2023.0,28.0,,,,,2025.0,3.0,2026.0,28.0,,,2024.0,-5.052734375
558,-1,27900,KELP,2025.0,1.0,2023.0,29.0,,,2026.0,29.0,,,,,2025.5,-4.5693359375
559,-1,27900,RAINFOREST_RESIN,9996.0,2.0,9995.0,27.0,,,10002.0,4.0,10004.0,2.0,10005.0,27.0,9999.0,158.0
560,-1,28000,RAINFOREST_RESIN,9998.0,2.0,9995.0,28.0,,,10005.0,28.0,,,,,10001.5,158.0
561,-1,28000,KELP,2023.0,28.0,,,,,2026.0,28.0,,,,,2024.5,-5.2001953125
562,-1,28100,KELP,2023.0,26.0,,,,,2026.0,26.0,,,,,2024.5,-4.61328125
563,-1,28100,RAINFOREST_RESIN,9996.0,2.0,9995.0,24.0,,,10004.0,2.0,10005.0,24.0,,,10000.0,158.0
564,-1,28200,RAINFOREST_RESIN,9996.0,1.0,9995.0,25.0,,,9998.0,2.0,10004.0,1.0,10005.0,25.0,9997.0,158.0
565,-1,28200,KELP,2023.0,26.0,,,,,2025.0,5.0,2026.0,1.0,2027.0,25.0,2024.0,-6.109375
566,-1,28300,KELP,2023.0,24.0,,,,,2024.0,2.0,2027.0,24.0,,,2023.5,-6.5341796875
567,-1,28300,RAINFOREST_RESIN,9996.0,1.0,9995.0,23.0,,,10004.0,1.0,10005.0,23.0,,,10000.0,162.0
568,-1,28400,RAINFOREST_RESIN,9996.0,2.0,9995.0,23.0,,,10004.0,2.0,10005.0,23.0,,,10000.0,162.0
569,-1,28400,KELP,2023.0,24.0,,,,,2027.0,25.0,,,,,2025.0,-6.2421875
570,-1,28500,KELP,2023.0,23.0,,,,,2027.0,23.0,,,,,2025.0,-7.017578125
571,-1,28500,RAINFOREST_RESIN,9998.0,10.0,9995.0,23.0,,,10005.0,23.0,,,,,10001.5,162.0
572,-1,28600,RAINFOREST_RESIN,10002.0,1.0,9996.0,2.0,9995.0,21.0,10004.0,2.0,10005.0,21.0,,,10003.0,162.0
573,-1,28600,KELP,2023.0,23.0,,,,,2025.0,8.0,2027.0,23.0,,,2024.0,-7.0791015625
574,-1,28700,RAINFOREST_RESIN,9995.0,30.0,,,,,10005.0,30.0,,,,,10000.0,164.0
575,-1,28700,KELP,2023.0,30.0,,,,,2027.0,30.0,,,,,2025.0,-7.5234375
576,-1,28800,RAINFOREST_RESIN,9995.0,27.0,,,,,10005.0,27.0,,,,,10000.0,164.0
577,-1,28800,KELP,2024.0,27.0,,,,,2027.0,27.0,,,,,2025.5,-8.7822265625
578,-1,28900,KELP,2024.0,26.0,,,,,2027.0,22.0,,,,,2025.5,-11.2138671875
579,-1,28900,RAINFOREST_RESIN,9998.0,7.0,9996.0,1.0,9995.0,21.0,10004.0,1.0,10005.0,21.0,,,10001.0,164.0
580,-1,29000,KELP,2024.0,23.0,,,,,2027.0,24.0,,,,,2025.5,-9.5498046875
581,-1,29000,RAINFOREST_RESIN,9995.0,24.0,,,,,10005.0,24.0,,,,,10000.0,164.0
582,-1,29100,RAINFOREST_RESIN,9996.0,2.0,9995.0,26.0,,,10004.0,2.0,10005.0,26.0,,,10000.0,164.0
583,-1,29100,KELP,2024.0,31.0,,,,,2027.0,28.0,,,,,2025.5,-10.29296875
584,-1,29200,RAINFOREST_RESIN,9996.0,1.0,9995.0,30.0,,,10004.0,1.0,10005.0,30.0,,,10000.0,164.0
585,-1,29200,KELP,2026.0,1.0,2024.0,31.0,,,2027.0,31.0,,,,,2026.5,-9.78515625
586,-1,29300,KELP,2024.0,32.0,,,,,2026.0,2.0,2027.0,32.0,,,2025.0,-9.9814453125
587,-1,29300,RAINFOREST_RESIN,9996.0,2.0,9995.0,30.0,,,10002.0,3.0,10004.0,2.0,10005.0,30.0,9999.0,164.0
588,-1,29400,KELP,2024.0,25.0,,,,,2027.0,26.0,,,,,2025.5,-10.1416015625
589,-1,29400,RAINFOREST_RESIN,10002.0,1.0,9996.0,1.0,9995.0,25.0,10004.0,1.0,10005.0,25.0,,,10003.0,164.0
590,-1,29500,RAINFOREST_RESIN,9996.0,2.0,9995.0,27.0,,,10004.0,2.0,10005.0,27.0,,,10000.0,166.0
591,-1,29500,KELP,2024.0,31.0,,,,,2027.0,29.0,,,,,2025.5,-10.26953125
592,-1,29600,RAINFOREST_RESIN,9996.0,2.0,9995.0,28.0,,,10004.0,2.0,10005.0,28.0,,,10000.0,166.0
593,-1,29600,KELP,2024.0,2.0,2023.0,28.0,,,2025.0,3.0,2027.0,30.0,,,2024.5,-8.060546875
594,-1,29700,KELP,2024.0,28.0,,,,,2027.0,26.0,,,,,2025.5,-9.87890625
595,-1,29700,RAINFOREST_RESIN,9996.0,1.0,9995.0,25.0,,,10002.0,4.0,10004.0,1.0,10005.0,25.0,9999.0,166.0
596,-1,29800,KELP,2024.0,31.0,,,,,2026.0,1.0,2027.0,1.0,2028.0,30.0,2025.0,-10.21923828125
597,-1,29800,RAINFOREST_RESIN,9998.0,6.0,9996.0,1.0,9995.0,30.0,10004.0,1.0,10005.0,30.0,,,10001.0,166.0
598,-1,29900,RAINFOREST_RESIN,9995.0,21.0,,,,,10005.0,21.0,,,,,10000.0,166.0
599,-1,29900,KELP,2025.0,8.0,2024.0,21.0,,,2028.0,21.0,,,,,2026.5,-10.46337890625
600,-1,30000,RAINFOREST_RESIN,9998.0,3.0,9996.0,1.0,9995.0,30.0,10004.0,1.0,10005.0,30.0,,,10001.0,166.0
601,-1,30000,KELP,2024.0,31.0,,,,,2028.0,31.0,,,,,2026.0,-10.8486328125
602,-1,30100,KELP,2024.0,30.0,,,,,2027.0,30.0,,,,,2025.5,-9.79052734375
603,-1,30100,RAINFOREST_RESIN,9996.0,2.0,9995.0,28.0,,,10004.0,2.0,10005.0,28.0,,,10000.0,166.0
604,-1,30200,KELP,2024.0,22.0,,,,,2027.0,22.0,,,,,2025.5,-10.09765625
605,-1,30200,RAINFOREST_RESIN,9996.0,2.0,9995.0,20.0,,,10004.0,2.0,10005.0,20.0,,,10000.0,166.0
606,-1,30300,RAINFOREST_RESIN,9996.0,2.0,9995.0,29.0,,,10002.0,9.0,10004.0,2.0,10005.0,29.0,9999.0,166.0
607,-1,30300,KELP,2026.0,1.0,2024.0,31.0,,,2027.0,31.0,,,,,2026.5,-9.5673828125
608,-1,30400,RAINFOREST_RESIN,10000.0,5.0,9996.0,2.0,9995.0,29.0,10002.0,8.0,10004.0,2.0,10005.0,29.0,10001.0,166.0
609,-1,30400,KELP,2025.0,5.0,2024.0,31.0,,,2027.0,31.0,,,,,2026.0,-8.9658203125
610,-1,30500,KELP,2024.0,22.0,,,,,2027.0,22.0,,,,,2025.5,-7.951171875
611,-1,30500,RAINFOREST_RESIN,9998.0,5.0,9996.0,2.0,9995.0,20.0,10004.0,2.0,10005.0,20.0,,,10001.0,166.0
612,-1,30600,KELP,2024.0,1.0,2023.0,20.0,,,2027.0,22.0,,,,,2025.5,-7.7021484375
613,-1,30600,RAINFOREST_RESIN,9996.0,2.0,9995.0,20.0,,,10002.0,4.0,10004.0,2.0,10005.0,20.0,9999.0,166.0
614,-1,30700,RAINFOREST_RESIN,9995.0,30.0,,,,,10005.0,30.0,,,,,10000.0,166.0
615,-1,30700,KELP,2024.0,30.0,,,,,2027.0,30.0,,,,,2025.5,-7.95263671875
616,-1,30800,RAINFOREST_RESIN,9996.0,1.0,9995.0,30.0,,,10004.0,1.0,10005.0,30.0,,,10000.0,166.0
617,-1,30800,KELP,2024.0,4.0,2023.0,30.0,,,2027.0,31.0,,,,,2025.5,-7.79052734375
618,-1,30900,KELP,2023.0,30.0,,,,,2025.0,7.0,2026.0,30.0,,,2024.0,-5.48779296875
619,-1,30900,RAINFOREST_RESIN,9996.0,2.0,9995.0,28.0,,,10002.0,6.0,10004.0,2.0,10005.0,28.0,9999.0,166.0
620,-1,31000,KELP,2024.0,4.0,2023.0,30.0,,,2026.0,23.0,,,,,2025.0,-5.77978515625
621,-1,31000,RAINFOREST_RESIN,10000.0,4.0,9996.0,1.0,9995.0,22.0,10004.0,1.0,10005.0,22.0,,,10002.0,166.0
622,-1,31100,RAINFOREST_RESIN,9996.0,2.0,9995.0,27.0,,,10004.0,2.0,10005.0,27.0,,,10000.0,166.0
623,-1,31100,KELP,2023.0,29.0,,,,,2026.0,2.0,2027.0,27.0,,,2024.5,-6.189453125
624,-1,31200,RAINFOREST_RESIN,9996.0,2.0,9995.0,29.0,,,10002.0,6.0,10004.0,2.0,10005.0,29.0,9999.0,166.0
625,-1,31200,KELP,2023.0,31.0,,,,,2026.0,31.0,,,,,2024.5,-6.06005859375
626,-1,31300,KELP,2023.0,24.0,,,,,2026.0,24.0,,,,,2024.5,-5.9482421875
627,-1,31300,RAINFOREST_RESIN,9996.0,1.0,9995.0,23.0,,,10004.0,1.0,10005.0,23.0,,,10000.0,166.0
628,-1,31400,KELP,2023.0,26.0,,,,,2026.0,26.0,,,,,2024.5,-5.13623046875
629,-1,31400,RAINFOREST_RESIN,9995.0,26.0,,,,,9998.0,1.0,10005.0,26.0,,,9996.5,166.0
630,-1,31500,RAINFOREST_RESIN,9995.0,30.0,,,,,10005.0,30.0,,,,,10000.0,168.0
631,-1,31500,KELP,2023.0,35.0,,,,,2026.0,30.0,,,,,2024.5,-5.37890625
632,-1,31600,RAINFOREST_RESIN,9995.0,27.0,,,,,10005.0,27.0,,,,,10000.0,168.0
633,-1,31600,KELP,2025.0,1.0,2023.0,27.0,,,2026.0,27.0,,,,,2025.5,-5.75341796875
634,-1,31700,KELP,2023.0,24.0,,,,,2025.0,3.0,2026.0,24.0,,,2024.0,-5.55078125
635,-1,31700,RAINFOREST_RESIN,9996.0,2.0,9995.0,22.0,,,10004.0,2.0,10005.0,22.0,,,10000.0,168.0
636,-1,31800,KELP,2024.0,6.0,2023.0,26.0,,,2026.0,1.0,2027.0,25.0,,,2025.0,-6.3671875
637,-1,31800,RAINFOREST_RESIN,10000.0,6.0,9996.0,1.0,9995.0,25.0,10004.0,1.0,10005.0,25.0,,,10002.0,168.0
638,-1,31900,RAINFOREST_RESIN,9998.0,3.0,9995.0,28.0,,,10005.0,28.0,,,,,10001.5,168.0
639,-1,31900,KELP,2024.0,4.0,2023.0,28.0,,,2027.0,28.0,,,,,2025.5,-6.43359375
640,-1,32000,RAINFOREST_RESIN,9996.0,1.0,9995.0,24.0,,,10004.0,1.0,10005.0,24.0,,,10000.0,168.0
641,-1,32000,KELP,2024.0,2.0,2023.0,25.0,,,2026.0,1.0,2027.0,24.0,,,2025.0,-6.1416015625
642,-1,32100,KELP,2023.0,29.0,,,,,2026.0,29.0,,,,,2024.5,-4.52734375
643,-1,32100,RAINFOREST_RESIN,9996.0,1.0,9995.0,28.0,,,10004.0,1.0,10005.0,28.0,,,10000.0,168.0
644,-1,32200,KELP,2023.0,28.0,,,,,2027.0,28.0,,,,,2025.0,-6.732421875
645,-1,32200,RAINFOREST_RESIN,9996.0,1.0,9995.0,27.0,,,10004.0,1.0,10005.0,27.0,,,10000.0,168.0
646,-1,32300,RAINFOREST_RESIN,9995.0,25.0,,,,,10005.0,25.0,,,,,10000.0,168.0
647,-1,32300,KELP,2023.0,25.0,,,,,2026.0,25.0,,,,,2024.5,-5.2998046875
648,-1,32400,RAINFOREST_RESIN,9996.0,1.0,9995.0,30.0,,,10004.0,1.0,10005.0,30.0,,,10000.0,168.0
649,-1,32400,KELP,2023.0,30.0,,,,,2026.0,1.0,2027.0,30.0,,,2024.5,-6.0576171875
650,-1,32500,KELP,2023.0,21.0,,,,,2025.0,5.0,2027.0,22.0,,,2024.0,-6.7080078125
651,-1,32500,RAINFOREST_RESIN,9998.0,1.0,9996.0,1.0,9995.0,21.0,10004.0,1.0,10005.0,21.0,,,10001.0,168.0
652,-1,32600,KELP,2023.0,30.0,,,,,2027.0,30.0,,,,,2025.0,-7.01953125
653,-1,32600,RAINFOREST_RESIN,10002.0,1.0,9995.0,30.0,,,10005.0,30.0,,,,,10003.5,168.0
654,-1,32700,RAINFOREST_RESIN,9996.0,2.0,9995.0,22.0,,,10004.0,2.0,10005.0,22.0,,,10000.0,170.0
655,-1,32700,KELP,2023.0,24.0,,,,,2026.0,2.0,2027.0,22.0,,,2024.5,-6.4130859375
656,-1,32800,RAINFOREST_RESIN,9996.0,2.0,9995.0,28.0,,,10004.0,2.0,10005.0,28.0,,,10000.0,170.0
657,-1,32800,KELP,2023.0,30.0,,,,,2026.0,2.0,2027.0,28.0,,,2024.5,-6.30078125
658,-1,32900,KELP,2023.0,29.0,,,,,2026.0,2.0,2027.0,27.0,,,2024.5,-5.947265625
659,-1,32900,RAINFOREST_RESIN,9996.0,2.0,9995.0,27.0,,,10004.0,2.0,10005.0,27.0,,,10000.0,170.0
660,-1,33000,KELP,2025.0,1.0,2023.0,30.0,,,2026.0,30.0,,,,,2025.5,-5.396484375
661,-1,33000,RAINFOREST_RESIN,9996.0,2.0,9995.0,28.0,,,10004.0,2.0,10005.0,28.0,,,10000.0,170.0
662,-1,33100,RAINFOREST_RESIN,9996.0,1.0,9995.0,28.0,,,10004.0,1.0,10005.0,28.0,,,10000.0,170.0
663,-1,33100,KELP,2023.0,28.0,,,,,2025.0,3.0,2026.0,29.0,,,2024.0,-5.4541015625
664,-1,33200,RAINFOREST_RESIN,9996.0,1.0,9995.0,20.0,,,10002.0,7.0,10004.0,1.0,10005.0,20.0,9999.0,170.0
665,-1,33200,KELP,2023.0,20.0,,,,,2024.0,10.0,2026.0,1.0,2027.0,20.0,2023.5,-6.357421875
666,-1,33300,KELP,2024.0,1.0,2023.0,20.0,,,2027.0,21.0,,,,,2025.5,-7.9580078125
667,-1,33300,RAINFOREST_RESIN,9996.0,1.0,9995.0,20.0,,,10004.0,1.0,10005.0,20.0,,,10000.0,170.0
668,-1,33400,KELP,2023.0,32.0,,,,,2027.0,32.0,,,,,2025.0,-7.3330078125
669,-1,33400,RAINFOREST_RESIN,9996.0,2.0,9995.0,30.0,,,10002.0,3.0,10004.0,2.0,10005.0,30.0,9999.0,170.0
670,-1,33500,RAINFOREST_RESIN,9996.0,1.0,9995.0,20.0,,,10004.0,1.0,10005.0,20.0,,,10000.0,170.0
671,-1,33500,KELP,2023.0,21.0,,,,,2026.0,21.0,,,,,2024.5,-5.07421875
672,-1,33600,RAINFOREST_RESIN,10002.0,6.0,9995.0,27.0,,,10005.0,27.0,,,,,10003.5,170.0
673,-1,33600,KELP,2023.0,27.0,,,,,2026.0,27.0,,,,,2024.5,-4.7412109375
674,-1,33700,KELP,2023.0,32.0,,,,,2026.0,28.0,,,,,2024.5,-4.23046875
675,-1,33700,RAINFOREST_RESIN,9996.0,1.0,9995.0,27.0,,,10002.0,1.0,10004.0,1.0,10005.0,27.0,9999.0,182.0
676,-1,33800,KELP,2024.0,3.0,2023.0,31.0,,,2026.0,26.0,,,,,2025.0,-3.45703125
677,-1,33800,RAINFOREST_RESIN,9996.0,1.0,9995.0,25.0,,,10004.0,1.0,10005.0,25.0,,,10000.0,182.0
678,-1,33900,RAINFOREST_RESIN,9995.0,24.0,,,,,10005.0,24.0,,,,,10000.0,182.0
679,-1,33900,KELP,2023.0,24.0,,,,,2026.0,24.0,,,,,2024.5,-4.23046875
680,-1,34000,RAINFOREST_RESIN,10002.0,1.0,9995.0,30.0,,,10005.0,30.0,,,,,10003.5,182.0
681,-1,34000,KELP,2023.0,29.0,,,,,2025.0,8.0,2026.0,30.0,,,2024.0,-4.4765625
682,-1,34100,KELP,2023.0,25.0,,,,,2026.0,23.0,,,,,2024.5,-3.7861328125
683,-1,34100,RAINFOREST_RESIN,9996.0,1.0,9995.0,22.0,,,10004.0,1.0,10005.0,22.0,,,10000.0,184.0
684,-1,34200,KELP,2022.0,23.0,,,,,2024.0,1.0,2026.0,23.0,,,2023.0,-2.056640625
685,-1,34200,RAINFOREST_RESIN,9995.0,23.0,,,,,10005.0,23.0,,,,,10000.0,184.0
686,-1,34300,RAINFOREST_RESIN,10002.0,1.0,9996.0,1.0,9995.0,22.0,10004.0,1.0,10005.0,22.0,,,10003.0,184.0
687,-1,34300,KELP,2022.0,23.0,,,,,2026.0,23.0,,,,,2024.0,-1.4951171875
688,-1,34400,RAINFOREST_RESIN,9996.0,2.0,9995.0,23.0,,,10004.0,2.0,10005.0,23.0,,,10000.0,186.0
689,-1,34400,KELP,2023.0,3.0,2022.0,25.0,,,2025.0,2.0,2026.0,23.0,,,2024.0,-1.384765625
690,-1,34500,KELP,2022.0,30.0,,,,,2023.0,5.0,2024.0,1.0,2026.0,30.0,2022.5,-1.4248046875
691,-1,34500,RAINFOREST_RESIN,9995.0,30.0,,,,,10005.0,30.0,,,,,10000.0,186.0
692,-1,34600,KELP,2022.0,29.0,,,,,2023.0,1.0,2026.0,29.0,,,2022.5,-2.392578125
693,-1,34600,RAINFOREST_RESIN,9995.0,29.0,,,,,10005.0,29.0,,,,,10000.0,186.0
694,-1,34700,RAINFOREST_RESIN,9998.0,6.0,9995.0,24.0,,,10005.0,24.0,,,,,10001.5,186.0
695,-1,34700,KELP,2023.0,24.0,,,,,2026.0,24.0,,,,,2024.5,-3.115234375
696,-1,34800,RAINFOREST_RESIN,9996.0,2.0,9995.0,23.0,,,10004.0,2.0,10005.0,23.0,,,10000.0,186.0
697,-1,34800,KELP,2023.0,2.0,2022.0,23.0,,,2026.0,25.0,,,,,2024.5,-2.6220703125
698,-1,34900,KELP,2023.0,21.0,,,,,2026.0,21.0,,,,,2024.5,-3.232421875
699,-1,34900,RAINFOREST_RESIN,9996.0,1.0,9995.0,20.0,,,10004.0,1.0,10005.0,20.0,,,10000.0,186.0
700,-1,35000,RAINFOREST_RESIN,10002.0,1.0,9995.0,20.0,,,10005.0,20.0,,,,,10003.5,186.0
701,-1,35000,KELP,2025.0,1.0,2023.0,20.0,,,2026.0,20.0,,,,,2025.5,-5.9248046875
702,-1,35100,KELP,2023.0,31.0,,,,,2026.0,31.0,,,,,2024.5,-4.44921875
703,-1,35100,RAINFOREST_RESIN,10002.0,3.0,9996.0,2.0,9995.0,29.0,10004.0,2.0,10005.0,29.0,,,10003.0,188.0
704,-1,35200,RAINFOREST_RESIN,9996.0,2.0,9995.0,28.0,,,10002.0,10.0,10004.0,2.0,10005.0,28.0,9999.0,194.0
705,-1,35200,KELP,2023.0,33.0,,,,,2026.0,30.0,,,,,2024.5,-5.298828125
706,-1,35300,KELP,2023.0,20.0,,,,,2026.0,28.0,,,,,2024.5,-3.625
707,-1,35300,RAINFOREST_RESIN,9998.0,6.0,9996.0,1.0,9995.0,27.0,10004.0,1.0,10005.0,27.0,,,10001.0,194.0
708,-1,35400,RAINFOREST_RESIN,10002.0,3.0,9995.0,25.0,,,10005.0,25.0,,,,,10003.5,194.0
709,-1,35400,KELP,2025.0,1.0,2023.0,27.0,,,2026.0,25.0,,,,,2025.5,-3.41796875
710,-1,35500,KELP,2023.0,28.0,,,,,2026.0,28.0,,,,,2024.5,-3.6181640625
711,-1,35500,RAINFOREST_RESIN,9996.0,2.0,9995.0,26.0,,,10004.0,2.0,10005.0,26.0,,,10000.0,200.0
712,-1,35600,RAINFOREST_RESIN,9995.0,26.0,,,,,10005.0,26.0,,,,,10000.0,200.0
713,-1,35600,KELP,2023.0,26.0,,,,,2026.0,26.0,,,,,2024.5,-3.2568359375
714,-1,35700,KELP,2023.0,29.0,,,,,2026.0,29.0,,,,,2024.5,-3.767578125
715,-1,35700,RAINFOREST_RESIN,9996.0,2.0,9995.0,27.0,,,10004.0,2.0,10005.0,27.0,,,10000.0,200.0
716,-1,35800,RAINFOREST_RESIN,9998.0,7.0,9996.0,1.0,9995.0,30.0,10004.0,1.0,10005.0,30.0,,,10001.0,200.0
717,-1,35800,KELP,2023.0,29.0,,,,,2026.0,31.0,,,,,2024.5,-3.6630859375
718,-1,35900,KELP,2023.0,2.0,2022.0,21.0,,,2026.0,23.0,,,,,2024.5,-2.6865234375
719,-1,35900,RAINFOREST_RESIN,9996.0,2.0,9995.0,21.0,,,10004.0,2.0,10005.0,21.0,,,10000.0,200.0
720,-1,36000,RAINFOREST_RESIN,9995.0,30.0,,,,,10002.0,5.0,10005.0,30.0,,,9998.5,200.0
721,-1,36000,KELP,2022.0,30.0,,,,,2024.0,3.0,2026.0,30.0,,,2023.0,-2.7080078125
722,-1,36100,KELP,2022.0,26.0,,,,,2025.0,2.0,2026.0,24.0,,,2023.5,-1.3173828125
723,-1,36100,RAINFOREST_RESIN,10002.0,8.0,9996.0,2.0,9995.0,24.0,10004.0,2.0,10005.0,24.0,,,10003.0,200.0
724,-1,36200,RAINFOREST_RESIN,9996.0,1.0,9995.0,29.0,,,9998.0,1.0,10004.0,1.0,10005.0,29.0,9997.0,216.0
725,-1,36200,KELP,2022.0,30.0,,,,,2025.0,1.0,2026.0,29.0,,,2023.5,-1.361328125
726,-1,36300,KELP,2022.0,22.0,,,,,2024.0,6.0,2025.0,22.0,,,2023.0,-0.888671875
727,-1,36300,RAINFOREST_RESIN,9996.0,1.0,9995.0,21.0,,,10004.0,1.0,10005.0,21.0,,,10000.0,218.0
728,-1,36400,RAINFOREST_RESIN,9998.0,1.0,9996.0,1.0,9995.0,20.0,10004.0,1.0,10005.0,20.0,,,10001.0,218.0
729,-1,36400,KELP,2024.0,1.0,2023.0,3.0,2022.0,21.0,2025.0,1.0,2026.0,20.0,,,2024.5,-1.0908203125
730,-1,36500,KELP,2022.0,25.0,,,,,2023.0,2.0,2025.0,25.0,,,2022.5,0.12890625
731,-1,36500,RAINFOREST_RESIN,9995.0,25.0,,,,,10005.0,25.0,,,,,10000.0,218.0
732,-1,36600,RAINFOREST_RESIN,9996.0,1.0,9995.0,28.0,,,10004.0,1.0,10005.0,28.0,,,10000.0,218.0
733,-1,36600,KELP,2022.0,29.0,,,,,2025.0,29.0,,,,,2023.5,-0.525390625
734,-1,36700,KELP,2021.0,21.0,,,,,2025.0,21.0,,,,,2023.0,4.7705078125
735,-1,36700,RAINFOREST_RESIN,9995.0,21.0,,,,,10005.0,21.0,,,,,10000.0,218.0
736,-1,36800,RAINFOREST_RESIN,9995.0,30.0,,,,,10005.0,30.0,,,,,10000.0,218.0
737,-1,36800,KELP,2021.0,30.0,,,,,2025.0,30.0,,,,,2023.0,4.3134765625
738,-1,36900,KELP,2021.0,27.0,,,,,2024.0,27.0,,,,,2022.5,8.091796875
739,-1,36900,RAINFOREST_RESIN,9996.0,1.0,9995.0,26.0,,,10004.0,1.0,10005.0,26.0,,,10000.0,218.0
740,-1,37000,RAINFOREST_RESIN,9996.0,2.0,9995.0,23.0,,,10004.0,2.0,10005.0,23.0,,,10000.0,218.0
741,-1,37000,KELP,2020.0,25.0,,,,,2024.0,25.0,,,,,2022.0,10.3740234375
742,-1,37100,KELP,2021.0,27.0,,,,,2024.0,23.0,,,,,2022.5,6.5537109375
743,-1,37100,RAINFOREST_RESIN,9996.0,2.0,9995.0,21.0,,,10004.0,2.0,10005.0,21.0,,,10000.0,218.0
744,-1,37200,RAINFOREST_RESIN,9996.0,1.0,9995.0,20.0,,,10004.0,1.0,10005.0,20.0,,,10000.0,218.0
745,-1,37200,KELP,2021.0,25.0,,,,,2024.0,21.0,,,,,2022.5,6.921875
746,-1,37300,KELP,2022.0,4.0,2021.0,28.0,,,2024.0,1.0,2025.0,27.0,,,2023.0,5.1298828125
747,-1,37300,RAINFOREST_RESIN,9996.0,1.0,9995.0,27.0,,,9998.0,10.0,10002.0,4.0,10004.0,1.0,9997.0,218.0
748,-1,37400,RAINFOREST_RESIN,10002.0,1.0,9998.0,2.0,9995.0,30.0,10005.0,30.0,,,,,10003.5,238.0
749,-1,37400,KELP,2021.0,30.0,,,,,2024.0,30.0,,,,,2022.5,5.7255859375
750,-1,37500,KELP,2020.0,27.0,,,,,2024.0,27.0,,,,,2022.0,9.9970703125
751,-1,37500,RAINFOREST_RESIN,9996.0,2.0,9995.0,25.0,,,10004.0,2.0,10005.0,25.0,,,10000.0,240.0
752,-1,37600,KELP,2020.0,22.0,,,,,2024.0,22.0,,,,,2022.0,10.8544921875
753,-1,37600,RAINFOREST_RESIN,9995.0,22.0,,,,,10002.0,7.0,10005.0,22.0,,,9998.5,240.0
754,-1,37700,RAINFOREST_RESIN,9996.0,1.0,9995.0,23.0,,,10004.0,1.0,10005.0,23.0,,,10000.0,240.0
755,-1,37700,KELP,2020.0,24.0,,,,,2024.0,24.0,,,,,2022.0,10.6083984375
756,-1,37800,RAINFOREST_RESIN,9995.0,25.0,,,,,10005.0,25.0,,,,,10000.0,240.0
757,-1,37800,KELP,2020.0,24.0,,,,,2024.0,25.0,,,,,2022.0,11.19921875
758,-1,37900,KELP,2019.0,25.0,,,,,2023.0,25.0,,,,,2021.0,16.02734375
759,-1,37900,RAINFOREST_RESIN,9995.0,25.0,,,,,10005.0,25.0,,,,,10000.0,240.0
760,-1,38000,KELP,2019.0,32.0,,,,,2021.0,4.0,2023.0,32.0,,,2020.0,16.080078125
761,-1,38000,RAINFOREST_RESIN,10002.0,1.0,9996.0,2.0,9995.0,30.0,10004.0,2.0,10005.0,30.0,,,10003.0,240.0
762,-1,38100,RAINFOREST_RESIN,9996.0,2.0,9995.0,26.0,,,10002.0,2.0,10004.0,2.0,10005.0,26.0,9999.0,242.0
763,-1,38100,KELP,2019.0,28.0,,,,,2022.0,2.0,2023.0,26.0,,,2020.5,16.9501953125
764,-1,38200,RAINFOREST_RESIN,9996.0,1.0,9995.0,27.0,,,10004.0,1.0,10005.0,27.0,,,10000.0,242.0
765,-1,38200,KELP,2019.0,28.0,,,,,2023.0,28.0,,,,,2021.0,15.4072265625
766,-1,38300,KELP,2019.0,26.0,,,,,2022.0,26.0,,,,,2020.5,17.56640625
767,-1,38300,RAINFOREST_RESIN,9998.0,5.0,9995.0,26.0,,,10005.0,26.0,,,,,10001.5,242.0
768,-1,38400,KELP,2019.0,24.0,,,,,2020.0,6.0,2022.0,24.0,,,2019.5,17.82421875
769,-1,38400,RAINFOREST_RESIN,9996.0,1.0,9995.0,23.0,,,10000.0,6.0,10004.0,1.0,10005.0,23.0,9998.0,242.0
770,-1,38500,RAINFOREST_RESIN,10002.0,1.0,9995.0,21.0,,,10005.0,21.0,,,,,10003.5,242.0
771,-1,38500,KELP,2019.0,21.0,,,,,2022.0,21.0,,,,,2020.5,18.65234375
772,-1,38600,RAINFOREST_RESIN,9996.0,2.0,9995.0,28.0,,,10004.0,2.0,10005.0,28.0,,,10000.0,244.0
773,-1,38600,KELP,2019.0,30.0,,,,,2022.0,30.0,,,,,2020.5,18.3349609375
774,-1,38700,KELP,2019.0,20.0,,,,,2022.0,20.0,,,,,2020.5,18.072265625
775,-1,38700,RAINFOREST_RESIN,9995.0,20.0,,,,,10005.0,20.0,,,,,10000.0,244.0
776,-1,38800,KELP,2019.0,21.0,,,,,2020.0,2.0,2021.0,1.0,2022.0,21.0,2019.5,18.05859375
777,-1,38800,RAINFOREST_RESIN,9996.0,1.0,9995.0,20.0,,,10002.0,1.0,10004.0,1.0,10005.0,20.0,9999.0,244.0
778,-1,38900,RAINFOREST_RESIN,9996.0,2.0,9995.0,30.0,,,10004.0,2.0,10005.0,30.0,,,10000.0,244.0
779,-1,38900,KELP,2019.0,32.0,,,,,2021.0,7.0,2022.0,2.0,2023.0,30.0,2020.0,17.2109375
780,-1,39000,RAINFOREST_RESIN,9995.0,23.0,,,,,10002.0,9.0,10005.0,23.0,,,9998.5,244.0
781,-1,39000,KELP,2019.0,23.0,,,,,2023.0,23.0,,,,,2021.0,16.025390625
782,-1,39100,KELP,2020.0,25.0,,,,,2023.0,25.0,,,,,2021.5,13.2802734375
783,-1,39100,RAINFOREST_RESIN,9998.0,8.0,9996.0,1.0,9995.0,24.0,10004.0,1.0,10005.0,24.0,,,10001.0,244.0
784,-1,39200,KELP,2020.0,30.0,,,,,2022.0,2.0,2023.0,30.0,,,2021.0,12.650390625
785,-1,39200,RAINFOREST_RESIN,9996.0,1.0,9995.0,29.0,,,10004.0,1.0,10005.0,29.0,,,10000.0,244.0
786,-1,39300,RAINFOREST_RESIN,9995.0,27.0,,,,,10005.0,27.0,,,,,10000.0,244.0
787,-1,39300,KELP,2020.0,27.0,,,,,2023.0,27.0,,,,,2021.5,11.75
788,-1,39400,RAINFOREST_RESIN,9996.0,1.0,9995.0,30.0,,,10004.0,1.0,10005.0,30.0,,,10000.0,244.0
789,-1,39400,KELP,2020.0,31.0,,,,,2022.0,5.0,2023.0,31.0,,,2021.0,13.833984375
790,-1,39500,KELP,2019.0,27.0,,,,,2021.0,3.0,2022.0,27.0,,,2020.0,18.650390625
791,-1,39500,RAINFOREST_RESIN,9995.0,27.0,,,,,9998.0,1.0,10002.0,2.0,10005.0,27.0,9996.5,244.0
792,-1,39600,KELP,2021.0,4.0,2019.0,23.0,,,2023.0,23.0,,,,,2022.0,16.654296875
793,-1,39600,RAINFOREST_RESIN,9995.0,23.0,,,,,10005.0,23.0,,,,,10000.0,246.0
794,-1,39700,RAINFOREST_RESIN,9996.0,2.0,9995.0,22.0,,,10004.0,2.0,10005.0,22.0,,,10000.0,246.0
795,-1,39700,KELP,2019.0,28.0,,,,,2022.0,2.0,2023.0,22.0,,,2020.5,17.1748046875
796,-1,39800,RAINFOREST_RESIN,9996.0,1.0,9995.0,27.0,,,10004.0,1.0,10005.0,27.0,,,10000.0,246.0
797,-1,39800,KELP,2019.0,28.0,,,,,2022.0,1.0,2023.0,27.0,,,2020.5,17.212890625
798,-1,39900,KELP,2019.0,31.0,,,,,2022.0,31.0,,,,,2020.5,18.849609375
799,-1,39900,RAINFOREST_RESIN,9996.0,1.0,9995.0,30.0,,,10002.0,4.0,10004.0,1.0,10005.0,30.0,9999.0,246.0
800,-1,40000,KELP,2018.0,22.0,,,,,2022.0,22.0,,,,,2020.0,20.8759765625
801,-1,40000,RAINFOREST_RESIN,9995.0,22.0,,,,,10005.0,22.0,,,,,10000.0,246.0
802,-1,40100,RAINFOREST_RESIN,9996.0,2.0,9995.0,29.0,,,10002.0,8.0,10004.0,2.0,10005.0,29.0,9999.0,246.0
803,-1,40100,KELP,2019.0,31.0,,,,,2022.0,31.0,,,,,2020.5,18.9384765625
804,-1,40200,RAINFOREST_RESIN,9996.0,1.0,9995.0,28.0,,,10004.0,1.0,10005.0,28.0,,,10000.0,246.0
805,-1,40200,KELP,2019.0,1.0,2018.0,28.0,,,2022.0,29.0,,,,,2020.5,20.9794921875
806,-1,40300,KELP,2019.0,22.0,,,,,2022.0,22.0,,,,,2020.5,20.1494140625
807,-1,40300,RAINFOREST_RESIN,9995.0,22.0,,,,,9998.0,1.0,10005.0,22.0,,,9996.5,246.0
808,-1,40400,KELP,2018.0,24.0,,,,,2022.0,24.0,,,,,2020.0,21.6357421875
809,-1,40400,RAINFOREST_RESIN,9996.0,1.0,9995.0,23.0,,,10004.0,1.0,10005.0,23.0,,,10000.0,248.0
810,-1,40500,RAINFOREST_RESIN,10002.0,1.0,9996.0,2.0,9995.0,27.0,10004.0,2.0,10005.0,27.0,,,10003.0,248.0
811,-1,40500,KELP,2019.0,1.0,2018.0,27.0,,,2022.0,29.0,,,,,2020.5,21.201171875
812,-1,40600,RAINFOREST_RESIN,9996.0,2.0,9995.0,24.0,,,10004.0,2.0,10005.0,24.0,,,10000.0,250.0
813,-1,40600,KELP,2019.0,4.0,2018.0,26.0,,,2022.0,26.0,,,,,2020.5,22.015625
814,-1,40700,KELP,2018.0,22.0,,,,,2021.0,22.0,,,,,2019.5,25.39453125
815,-1,40700,RAINFOREST_RESIN,9998.0,7.0,9996.0,2.0,9995.0,20.0,10004.0,2.0,10005.0,20.0,,,10001.0,250.0
816,-1,40800,KELP,2018.0,27.0,,,,,2021.0,27.0,,,,,2019.5,24.0
817,-1,40800,RAINFOREST_RESIN,9995.0,27.0,,,,,10005.0,27.0,,,,,10000.0,250.0
818,-1,40900,RAINFOREST_RESIN,9998.0,10.0,9996.0,2.0,9995.0,26.0,10004.0,2.0,10005.0,26.0,,,10001.0,250.0
819,-1,40900,KELP,2017.0,28.0,,,,,2021.0,28.0,,,,,2019.0,27.5498046875
820,-1,41000,RAINFOREST_RESIN,9995.0,21.0,,,,,10002.0,10.0,10005.0,21.0,,,9998.5,250.0
821,-1,41000,KELP,2018.0,20.0,,,,,2020.0,3.0,2021.0,21.0,,,2019.0,24.421875
822,-1,41100,KELP,2018.0,24.0,,,,,2021.0,27.0,,,,,2019.5,24.708984375
823,-1,41100,RAINFOREST_RESIN,9995.0,27.0,,,,,10005.0,27.0,,,,,10000.0,250.0
824,-1,41200,KELP,2018.0,29.0,,,,,2021.0,29.0,,,,,2019.5,24.7958984375
825,-1,41200,RAINFOREST_RESIN,9995.0,29.0,,,,,10005.0,29.0,,,,,10000.0,250.0
826,-1,41300,RAINFOREST_RESIN,9998.0,2.0,9996.0,1.0,9995.0,24.0,10004.0,1.0,10005.0,24.0,,,10001.0,250.0
827,-1,41300,KELP,2017.0,25.0,,,,,2019.0,4.0,2021.0,25.0,,,2018.0,27.96875
828,-1,41400,RAINFOREST_RESIN,9998.0,5.0,9996.0,2.0,9995.0,23.0,10000.0,4.0,10004.0,2.0,10005.0,23.0,9999.0,250.0
829,-1,41400,KELP,2017.0,25.0,,,,,2018.0,4.0,2019.0,5.0,2020.0,25.0,2017.5,32.15625
830,-1,41500,KELP,2017.0,22.0,,,,,2019.0,1.0,2021.0,22.0,,,2018.0,28.4462890625
831,-1,41500,RAINFOREST_RESIN,9998.0,8.0,9996.0,2.0,9995.0,20.0,10004.0,2.0,10005.0,20.0,,,10001.0,250.0
832,-1,41600,KELP,2017.0,23.0,,,,,2019.0,7.0,2020.0,1.0,2021.0,22.0,2018.0,28.8701171875
833,-1,41600,RAINFOREST_RESIN,9996.0,1.0,9995.0,22.0,,,10004.0,1.0,10005.0,22.0,,,10000.0,250.0
834,-1,41700,RAINFOREST_RESIN,10000.0,5.0,9995.0,21.0,,,10005.0,21.0,,,,,10002.5,250.0
835,-1,41700,KELP,2019.0,4.0,2017.0,21.0,,,2021.0,21.0,,,,,2020.0,27.755859375
836,-1,41800,RAINFOREST_RESIN,9996.0,2.0,9995.0,22.0,,,10004.0,2.0,10005.0,22.0,,,10000.0,250.0
837,-1,41800,KELP,2018.0,24.0,,,,,2021.0,24.0,,,,,2019.5,23.4140625
838,-1,41900,KELP,2018.0,22.0,,,,,2020.0,1.0,2021.0,22.0,,,2019.0,22.91015625
839,-1,41900,RAINFOREST_RESIN,9996.0,1.0,9995.0,21.0,,,9998.0,4.0,10004.0,1.0,10005.0,21.0,9997.0,250.0
840,-1,42000,KELP,2018.0,31.0,,,,,2020.0,5.0,2021.0,32.0,,,2019.0,21.078125
841,-1,42000,RAINFOREST_RESIN,9996.0,2.0,9995.0,30.0,,,10004.0,2.0,10005.0,30.0,,,10000.0,258.0
842,-1,42100,RAINFOREST_RESIN,9998.0,8.0,9996.0,2.0,9995.0,21.0,10004.0,2.0,10005.0,21.0,,,10001.0,258.0
843,-1,42100,KELP,2018.0,23.0,,,,,2021.0,2.0,2022.0,21.0,,,2019.5,19.7890625
844,-1,42200,RAINFOREST_RESIN,10002.0,1.0,9995.0,28.0,,,10005.0,28.0,,,,,10003.5,258.0
845,-1,42200,KELP,2018.0,28.0,,,,,2022.0,28.0,,,,,2020.0,19.33203125
846,-1,42300,KELP,2018.0,20.0,,,,,2019.0,7.0,2020.0,2.0,2022.0,20.0,2018.5,18.83203125
847,-1,42300,RAINFOREST_RESIN,9995.0,20.0,,,,,10005.0,20.0,,,,,10000.0,260.0
848,-1,42400,KELP,2019.0,30.0,,,,,2022.0,31.0,,,,,2020.5,15.296875
849,-1,42400,RAINFOREST_RESIN,9996.0,2.0,9995.0,29.0,,,10004.0,2.0,10005.0,29.0,,,10000.0,260.0
850,-1,42500,RAINFOREST_RESIN,9995.0,24.0,,,,,10002.0,3.0,10005.0,24.0,,,9998.5,260.0
851,-1,42500,KELP,2019.0,24.0,,,,,2022.0,24.0,,,,,2020.5,15.57421875
852,-1,42600,RAINFOREST_RESIN,9995.0,26.0,,,,,10005.0,26.0,,,,,10000.0,260.0
853,-1,42600,KELP,2019.0,26.0,,,,,2022.0,26.0,,,,,2020.5,14.583984375
854,-1,42700,KELP,2018.0,26.0,,,,,2022.0,26.0,,,,,2020.0,17.83984375
855,-1,42700,RAINFOREST_RESIN,9995.0,26.0,,,,,10005.0,26.0,,,,,10000.0,260.0
856,-1,42800,KELP,2019.0,30.0,,,,,2022.0,30.0,,,,,2020.5,15.404296875
857,-1,42800,RAINFOREST_RESIN,9995.0,30.0,,,,,10005.0,30.0,,,,,10000.0,260.0
858,-1,42900,RAINFOREST_RESIN,9995.0,25.0,,,,,10005.0,25.0,,,,,10000.0,260.0
859,-1,42900,KELP,2019.0,25.0,,,,,2022.0,25.0,,,,,2020.5,13.099609375
860,-1,43000,RAINFOREST_RESIN,9995.0,23.0,,,,,10005.0,23.0,,,,,10000.0,260.0
861,-1,43000,KELP,2020.0,2.0,2019.0,23.0,,,2023.0,23.0,,,,,2021.5,8.23046875
862,-1,43100,KELP,2020.0,21.0,,,,,2023.0,21.0,,,,,2021.5,4.65234375
863,-1,43100,RAINFOREST_RESIN,9995.0,21.0,,,,,10005.0,21.0,,,,,10000.0,260.0
864,-1,43200,KELP,2019.0,21.0,,,,,2023.0,21.0,,,,,2021.0,7.150390625
865,-1,43200,RAINFOREST_RESIN,9996.0,1.0,9995.0,20.0,,,10004.0,1.0,10005.0,20.0,,,10000.0,260.0
866,-1,43300,RAINFOREST_RESIN,9996.0,1.0,9995.0,24.0,,,10004.0,1.0,10005.0,24.0,,,10000.0,260.0
867,-1,43300,KELP,2019.0,25.0,,,,,2021.0,2.0,2023.0,25.0,,,2020.0,7.20703125
868,-1,43400,RAINFOREST_RESIN,9996.0,2.0,9995.0,22.0,,,10004.0,2.0,10005.0,22.0,,,10000.0,260.0
869,-1,43400,KELP,2021.0,4.0,2020.0,24.0,,,2023.0,24.0,,,,,2022.0,5.78125
870,-1,43500,KELP,2020.0,22.0,,,,,2022.0,7.0,2023.0,23.0,,,2021.0,5.068359375
871,-1,43500,RAINFOREST_RESIN,9998.0,7.0,9995.0,23.0,,,10005.0,23.0,,,,,10001.5,260.0
872,-1,43600,KELP,2020.0,5.0,2019.0,21.0,,,2023.0,23.0,,,,,2021.5,6.33203125
873,-1,43600,RAINFOREST_RESIN,9996.0,2.0,9995.0,21.0,,,10002.0,9.0,10004.0,2.0,10005.0,21.0,9999.0,260.0
874,-1,43700,KELP,2020.0,24.0,,,,,2023.0,24.0,,,,,2021.5,5.404296875
875,-1,43700,RAINFOREST_RESIN,9996.0,1.0,9995.0,23.0,,,10004.0,1.0,10005.0,23.0,,,10000.0,260.0
876,-1,43800,RAINFOREST_RESIN,9996.0,2.0,9995.0,26.0,,,10004.0,2.0,10005.0,26.0,,,10000.0,260.0
877,-1,43800,KELP,2020.0,35.0,,,,,2023.0,28.0,,,,,2021.5,3.888671875
878,-1,43900,KELP,2020.0,36.0,,,,,2023.0,30.0,,,,,2021.5,5.720703125
879,-1,43900,RAINFOREST_RESIN,10002.0,4.0,9998.0,2.0,9996.0,1.0,10004.0,1.0,10005.0,29.0,,,10003.0,260.0
880,-1,44000,RAINFOREST_RESIN,9996.0,2.0,9995.0,20.0,,,10004.0,2.0,10005.0,20.0,,,10000.0,268.0
881,-1,44000,KELP,2020.0,22.0,,,,,2022.0,3.0,2023.0,22.0,,,2021.0,3.75
882,-1,44100,KELP,2019.0,24.0,,,,,2023.0,24.0,,,,,2021.0,8.66015625
883,-1,44100,RAINFOREST_RESIN,9995.0,24.0,,,,,9998.0,1.0,10002.0,2.0,10005.0,24.0,9996.5,268.0
884,-1,44200,RAINFOREST_RESIN,9995.0,21.0,,,,,10005.0,21.0,,,,,10000.0,270.0
885,-1,44200,KELP,2019.0,21.0,,,,,2023.0,21.0,,,,,2021.0,9.140625
886,-1,44300,KELP,2019.0,27.0,,,,,2023.0,27.0,,,,,2021.0,8.451171875
887,-1,44300,RAINFOREST_RESIN,9995.0,27.0,,,,,10005.0,27.0,,,,,10000.0,270.0
888,-1,44400,RAINFOREST_RESIN,9998.0,7.0,9995.0,28.0,,,10005.0,28.0,,,,,10001.5,270.0
889,-1,44400,KELP,2018.0,28.0,,,,,2022.0,28.0,,,,,2020.0,16.6484375
890,-1,44500,KELP,2021.0,1.0,2019.0,2.0,2018.0,21.0,2022.0,21.0,,,,,2021.5,16.22265625
891,-1,44500,RAINFOREST_RESIN,9995.0,21.0,,,,,10005.0,21.0,,,,,10000.0,270.0
892,-1,44600,RAINFOREST_RESIN,9996.0,1.0,9995.0,23.0,,,10004.0,1.0,10005.0,23.0,,,10000.0,270.0
893,-1,44600,KELP,2019.0,24.0,,,,,2022.0,24.0,,,,,2020.5,14.41796875
894,-1,44700,KELP,2019.0,29.0,,,,,2022.0,29.0,,,,,2020.5,14.8828125
895,-1,44700,RAINFOREST_RESIN,9995.0,29.0,,,,,10002.0,10.0,10005.0,29.0,,,9998.5,270.0
896,-1,44800,RAINFOREST_RESIN,9995.0,29.0,,,,,9998.0,1.0,10002.0,10.0,10005.0,29.0,9996.5,270.0
897,-1,44800,KELP,2018.0,29.0,,,,,2022.0,29.0,,,,,2020.0,16.890625
898,-1,44900,KELP,2019.0,1.0,2018.0,26.0,,,2022.0,26.0,,,,,2020.5,17.626953125
899,-1,44900,RAINFOREST_RESIN,9996.0,1.0,9995.0,25.0,,,10004.0,1.0,10005.0,25.0,,,10000.0,272.0
900,-1,45000,RAINFOREST_RESIN,10002.0,1.0,9996.0,2.0,9995.0,24.0,10004.0,2.0,10005.0,24.0,,,10003.0,272.0
901,-1,45000,KELP,2018.0,26.0,,,,,2022.0,26.0,,,,,2020.0,17.4296875
902,-1,45100,KELP,2019.0,27.0,,,,,2021.0,5.0,2022.0,27.0,,,2020.0,15.2578125
903,-1,45100,RAINFOREST_RESIN,9996.0,1.0,9995.0,26.0,,,10004.0,1.0,10005.0,26.0,,,10000.0,274.0
904,-1,45200,RAINFOREST_RESIN,9996.0,1.0,9995.0,28.0,,,10004.0,1.0,10005.0,28.0,,,10000.0,274.0
905,-1,45200,KELP,2019.0,29.0,,,,,2021.0,6.0,2022.0,29.0,,,2020.0,15.70703125
906,-1,45300,KELP,2018.0,26.0,,,,,2021.0,22.0,,,,,2019.5,20.7265625
907,-1,45300,RAINFOREST_RESIN,9995.0,22.0,,,,,10005.0,22.0,,,,,10000.0,274.0
908,-1,45400,RAINFOREST_RESIN,9996.0,2.0,9995.0,21.0,,,9998.0,1.0,10004.0,2.0,10005.0,21.0,9997.0,274.0
909,-1,45400,KELP,2018.0,22.0,,,,,2020.0,2.0,2021.0,23.0,,,2019.0,23.73828125
910,-1,45500,KELP,2018.0,25.0,,,,,2019.0,3.0,2021.0,25.0,,,2018.5,22.87109375
911,-1,45500,RAINFOREST_RESIN,9996.0,1.0,9995.0,24.0,,,10000.0,3.0,10004.0,1.0,10005.0,24.0,9998.0,276.0
912,-1,45600,RAINFOREST_RESIN,9995.0,26.0,,,,,10002.0,5.0,10005.0,26.0,,,9998.5,276.0
913,-1,45600,KELP,2018.0,33.0,,,,,2021.0,26.0,,,,,2019.5,21.88671875
914,-1,45700,KELP,2018.0,24.0,,,,,2021.0,24.0,,,,,2019.5,21.751953125
915,-1,45700,RAINFOREST_RESIN,9995.0,24.0,,,,,10005.0,24.0,,,,,10000.0,276.0
916,-1,45800,RAINFOREST_RESIN,9996.0,1.0,9995.0,27.0,,,10004.0,1.0,10005.0,27.0,,,10000.0,276.0
917,-1,45800,KELP,2018.0,27.0,,,,,2021.0,28.0,,,,,2019.5,21.111328125
918,-1,45900,KELP,2019.0,4.0,2018.0,31.0,,,2022.0,31.0,,,,,2020.5,18.36328125
919,-1,45900,RAINFOREST_RESIN,9996.0,1.0,9995.0,30.0,,,10004.0,1.0,10005.0,30.0,,,10000.0,276.0
920,-1,46000,RAINFOREST_RESIN,9996.0,2.0,9995.0,24.0,,,10004.0,2.0,10005.0,24.0,,,10000.0,276.0
921,-1,46000,KELP,2019.0,2.0,2018.0,24.0,,,2022.0,26.0,,,,,2020.5,15.990234375
922,-1,46100,KELP,2019.0,25.0,,,,,2022.0,25.0,,,,,2020.5,15.15625
923,-1,46100,RAINFOREST_RESIN,9998.0,6.0,9996.0,2.0,9995.0,23.0,10004.0,2.0,10005.0,23.0,,,10001.0,276.0
924,-1,46200,RAINFOREST_RESIN,9998.0,2.0,9996.0,1.0,9995.0,27.0,10004.0,1.0,10005.0,27.0,,,10001.0,276.0
925,-1,46200,KELP,2018.0,28.0,,,,,2021.0,1.0,2022.0,27.0,,,2019.5,19.404296875
926,-1,46300,KELP,2018.0,29.0,,,,,2021.0,29.0,,,,,2019.5,21.8203125
927,-1,46300,RAINFOREST_RESIN,9996.0,2.0,9995.0,27.0,,,10004.0,2.0,10005.0,27.0,,,10000.0,276.0
928,-1,46400,RAINFOREST_RESIN,9995.0,22.0,,,,,10005.0,22.0,,,,,10000.0,276.0
929,-1,46400,KELP,2018.0,22.0,,,,,2022.0,22.0,,,,,2020.0,19.650390625
930,-1,46500,KELP,2019.0,6.0,2018.0,31.0,,,2021.0,31.0,,,,,2020.0,20.220703125
931,-1,46500,RAINFOREST_RESIN,10000.0,6.0,9996.0,1.0,9995.0,30.0,10004.0,1.0,10005.0,30.0,,,10002.0,276.0
932,-1,46600,KELP,2019.0,3.0,2018.0,28.0,,,2021.0,1.0,2022.0,27.0,,,2020.0,19.330078125
933,-1,46600,RAINFOREST_RESIN,9998.0,10.0,9996.0,1.0,9995.0,27.0,10004.0,1.0,10005.0,27.0,,,10001.0,276.0
934,-1,46700,RAINFOREST_RESIN,9995.0,26.0,,,,,10005.0,26.0,,,,,10000.0,276.0
935,-1,46700,KELP,2019.0,26.0,,,,,2022.0,26.0,,,,,2020.5,15.537109375
936,-1,46800,RAINFOREST_RESIN,9996.0,1.0,9995.0,21.0,,,10004.0,1.0,10005.0,21.0,,,10000.0,276.0
937,-1,46800,KELP,2019.0,22.0,,,,,2022.0,22.0,,,,,2020.5,13.056640625
938,-1,46900,KELP,2021.0,1.0,2019.0,32.0,,,2022.0,32.0,,,,,2021.5,15.275390625
939,-1,46900,RAINFOREST_RESIN,9996.0,2.0,9995.0,30.0,,,10004.0,2.0,10005.0,30.0,,,10000.0,276.0
940,-1,47000,KELP,2019.0,21.0,,,,,2022.0,21.0,,,,,2020.5,14.53515625
941,-1,47000,RAINFOREST_RESIN,9996.0,1.0,9995.0,20.0,,,10004.0,1.0,10005.0,20.0,,,10000.0,276.0
942,-1,47100,RAINFOREST_RESIN,9996.0,2.0,9995.0,24.0,,,9998.0,1.0,10004.0,2.0,10005.0,24.0,9997.0,276.0
943,-1,47100,KELP,2019.0,22.0,,,,,2022.0,26.0,,,,,2020.5,15.265625
944,-1,47200,RAINFOREST_RESIN,10002.0,1.0,9996.0,2.0,9995.0,28.0,10004.0,2.0,10005.0,28.0,,,10003.0,278.0
945,-1,47200,KELP,2019.0,30.0,,,,,2022.0,30.0,,,,,2020.5,14.98828125
946,-1,47300,KELP,2019.0,25.0,,,,,2021.0,1.0,2022.0,25.0,,,2020.0,14.19140625
947,-1,47300,RAINFOREST_RESIN,10002.0,1.0,9998.0,3.0,9995.0,25.0,10005.0,25.0,,,,,10003.5,280.0
948,-1,47400,KELP,2019.0,25.0,,,,,2022.0,24.0,,,,,2020.5,12.240234375
949,-1,47400,RAINFOREST_RESIN,9995.0,24.0,,,,,10002.0,9.0,10005.0,24.0,,,9998.5,282.0
950,-1,47500,RAINFOREST_RESIN,9995.0,30.0,,,,,10002.0,1.0,10005.0,30.0,,,9998.5,282.0
951,-1,47500,KELP,2019.0,30.0,,,,,2021.0,6.0,2022.0,30.0,,,2020.0,12.462890625
952,-1,47600,RAINFOREST_RESIN,9996.0,1.0,9995.0,27.0,,,10004.0,1.0,10005.0,27.0,,,10000.0,282.0
953,-1,47600,KELP,2019.0,28.0,,,,,2022.0,28.0,,,,,2020.5,10.732421875
954,-1,47700,KELP,2019.0,23.0,,,,,2022.0,23.0,,,,,2020.5,10.333984375
955,-1,47700,RAINFOREST_RESIN,9996.0,1.0,9995.0,22.0,,,10002.0,8.0,10004.0,1.0,10005.0,22.0,9999.0,282.0
956,-1,47800,KELP,2019.0,23.0,,,,,2022.0,1.0,2023.0,22.0,,,2020.5,9.818359375
957,-1,47800,RAINFOREST_RESIN,9996.0,1.0,9995.0,22.0,,,10002.0,8.0,10004.0,1.0,10005.0,22.0,9999.0,282.0
958,-1,47900,RAINFOREST_RESIN,10002.0,1.0,9995.0,27.0,,,10005.0,27.0,,,,,10003.5,282.0
959,-1,47900,KELP,2019.0,27.0,,,,,2023.0,27.0,,,,,2021.0,9.646484375
960,-1,48000,RAINFOREST_RESIN,9995.0,27.0,,,,,10005.0,27.0,,,,,10000.0,284.0
961,-1,48000,KELP,2019.0,27.0,,,,,2023.0,27.0,,,,,2021.0,9.8359375
962,-1,48100,KELP,2019.0,22.0,,,,,2022.0,21.0,,,,,2020.5,11.638671875
963,-1,48100,RAINFOREST_RESIN,9995.0,21.0,,,,,10002.0,9.0,10005.0,21.0,,,9998.5,284.0
964,-1,48200,KELP,2019.0,25.0,,,,,2022.0,25.0,,,,,2020.5,12.19140625
965,-1,48200,RAINFOREST_RESIN,9998.0,5.0,9995.0,25.0,,,10005.0,25.0,,,,,10001.5,284.0
966,-1,48300,RAINFOREST_RESIN,9996.0,1.0,9995.0,28.0,,,9998.0,1.0,10000.0,5.0,10004.0,1.0,9997.0,284.0
967,-1,48300,KELP,2018.0,29.0,,,,,2019.0,5.0,2022.0,29.0,,,2018.5,18.87890625
968,-1,48400,RAINFOREST_RESIN,9995.0,27.0,,,,,10002.0,7.0,10005.0,27.0,,,9998.5,286.0
969,-1,48400,KELP,2019.0,1.0,2018.0,27.0,,,2022.0,27.0,,,,,2020.5,17.53515625
970,-1,48500,KELP,2019.0,1.0,2018.0,29.0,,,2022.0,29.0,,,,,2020.5,18.05859375
971,-1,48500,RAINFOREST_RESIN,9995.0,29.0,,,,,9998.0,1.0,10005.0,29.0,,,9996.5,286.0
972,-1,48600,KELP,2019.0,1.0,2018.0,29.0,,,2022.0,29.0,,,,,2020.5,17.880859375
973,-1,48600,RAINFOREST_RESIN,9996.0,1.0,9995.0,28.0,,,10004.0,1.0,10005.0,28.0,,,10000.0,288.0
974,-1,48700,RAINFOREST_RESIN,9996.0,1.0,9995.0,22.0,,,10004.0,1.0,10005.0,22.0,,,10000.0,288.0
975,-1,48700,KELP,2018.0,23.0,,,,,2022.0,23.0,,,,,2020.0,18.5234375
976,-1,48800,RAINFOREST_RESIN,9996.0,1.0,9995.0,23.0,,,10004.0,1.0,10005.0,23.0,,,10000.0,288.0
977,-1,48800,KELP,2019.0,29.0,,,,,2022.0,24.0,,,,,2020.5,15.576171875
978,-1,48900,KELP,2019.0,34.0,,,,,2022.0,27.0,,,,,2020.5,14.44140625
979,-1,48900,RAINFOREST_RESIN,9995.0,27.0,,,,,10005.0,27.0,,,,,10000.0,288.0
980,-1,49000,KELP,2019.0,39.0,,,,,2022.0,32.0,,,,,2020.5,15.345703125
981,-1,49000,RAINFOREST_RESIN,9996.0,2.0,9995.0,30.0,,,10004.0,2.0,10005.0,30.0,,,10000.0,288.0
982,-1,49100,RAINFOREST_RESIN,9996.0,2.0,9995.0,30.0,,,10004.0,2.0,10005.0,30.0,,,10000.0,288.0
983,-1,49100,KELP,2019.0,40.0,,,,,2022.0,32.0,,,,,2020.5,12.568359375
984,-1,49200,RAINFOREST_RESIN,9996.0,1.0,9995.0,20.0,,,10004.0,1.0,10005.0,20.0,,,10000.0,288.0
985,-1,49200,KELP,2019.0,21.0,,,,,2022.0,21.0,,,,,2020.5,14.796875
986,-1,49300,KELP,2019.0,21.0,,,,,2022.0,22.0,,,,,2020.5,13.556640625
987,-1,49300,RAINFOREST_RESIN,9998.0,9.0,9996.0,1.0,9995.0,21.0,10004.0,1.0,10005.0,21.0,,,10001.0,288.0
988,-1,49400,KELP,2021.0,9.0,2020.0,5.0,2019.0,20.0,2022.0,20.0,,,,,2021.5,14.916015625
989,-1,49400,RAINFOREST_RESIN,9995.0,20.0,,,,,10005.0,20.0,,,,,10000.0,288.0
990,-1,49500,RAINFOREST_RESIN,9996.0,2.0,9995.0,30.0,,,10004.0,2.0,10005.0,30.0,,,10000.0,288.0
991,-1,49500,KELP,2019.0,40.0,,,,,2022.0,32.0,,,,,2020.5,13.080078125
992,-1,49600,RAINFOREST_RESIN,9995.0,24.0,,,,,10005.0,24.0,,,,,10000.0,288.0
993,-1,49600,KELP,2021.0,1.0,2019.0,24.0,,,2022.0,24.0,,,,,2021.5,11.431640625
994,-1,49700,KELP,2019.0,28.0,,,,,2022.0,28.0,,,,,2020.5,11.921875
995,-1,49700,RAINFOREST_RESIN,9998.0,7.0,9996.0,2.0,9995.0,26.0,10004.0,2.0,10005.0,26.0,,,10001.0,288.0
996,-1,49800,KELP,2019.0,25.0,,,,,2020.0,5.0,2023.0,25.0,,,2019.5,7.3125
997,-1,49800,RAINFOREST_RESIN,9996.0,2.0,9995.0,23.0,,,10004.0,2.0,10005.0,23.0,,,10000.0,288.0
998,-1,49900,RAINFOREST_RESIN,9998.0,3.0,9995.0,23.0,,,10005.0,23.0,,,,,10001.5,288.0
999,-1,49900,KELP,2019.0,23.0,,,,,2023.0,23.0,,,,,2021.0,8.423828125
1000,-1,50000,RAINFOREST_RESIN,9996.0,1.0,9995.0,20.0,,,10004.0,1.0,10005.0,20.0,,,10000.0,288.0
1001,-1,50000,KELP,2019.0,21.0,,,,,2022.0,1.0,2023.0,20.0,,,2020.5,9.490234375
1002,-1,50100,KELP,2019.0,24.0,,,,,2021.0,2.0,2022.0,24.0,,,2020.0,10.779296875
1003,-1,50100,RAINFOREST_RESIN,9995.0,24.0,,,,,10005.0,24.0,,,,,10000.0,288.0
1004,-1,50200,KELP,2019.0,24.0,,,,,2023.0,24.0,,,,,2021.0,7.75
1005,-1,50200,RAINFOREST_RESIN,9995.0,24.0,,,,,10005.0,24.0,,,,,10000.0,288.0
1006,-1,50300,RAINFOREST_RESIN,9995.0,30.0,,,,,10002.0,10.0,10005.0,30.0,,,9998.5,288.0
1007,-1,50300,KELP,2019.0,30.0,,,,,2023.0,30.0,,,,,2021.0,6.8203125
1008,-1,50400,RAINFOREST_RESIN,9998.0,4.0,9996.0,1.0,9995.0,22.0,10000.0,2.0,10004.0,1.0,10005.0,22.0,9999.0,288.0
1009,-1,50400,KELP,2019.0,23.0,,,,,2021.0,3.0,2023.0,23.0,,,2020.0,7.009765625
1010,-1,50500,KELP,2019.0,25.0,,,,,2023.0,25.0,,,,,2021.0,7.3515625
1011,-1,50500,RAINFOREST_RESIN,9996.0,2.0,9995.0,23.0,,,10004.0,2.0,10005.0,23.0,,,10000.0,288.0
1012,-1,50600,KELP,2019.0,21.0,,,,,2020.0,6.0,2023.0,23.0,,,2019.5,6.576171875
1013,-1,50600,RAINFOREST_RESIN,10002.0,1.0,9996.0,2.0,9995.0,21.0,10004.0,2.0,10005.0,21.0,,,10003.0,288.0
1014,-1,50700,RAINFOREST_RESIN,9996.0,2.0,9995.0,22.0,,,10004.0,2.0,10005.0,22.0,,,10000.0,290.0
1015,-1,50700,KELP,2020.0,24.0,,,,,2023.0,24.0,,,,,2021.5,5.84375
1016,-1,50800,RAINFOREST_RESIN,10002.0,5.0,9996.0,2.0,9995.0,22.0,10004.0,2.0,10005.0,22.0,,,10003.0,290.0
1017,-1,50800,KELP,2022.0,1.0,2020.0,24.0,,,2023.0,24.0,,,,,2022.5,4.443359375
1018,-1,50900,KELP,2020.0,28.0,,,,,2022.0,4.0,2023.0,28.0,,,2021.0,3.8125
1019,-1,50900,RAINFOREST_RESIN,9996.0,1.0,9995.0,27.0,,,10004.0,1.0,10005.0,27.0,,,10000.0,300.0
1020,-1,51000,KELP,2020.0,28.0,,,,,2023.0,28.0,,,,,2021.5,4.70703125
1021,-1,51000,RAINFOREST_RESIN,9996.0,2.0,9995.0,26.0,,,10004.0,2.0,10005.0,26.0,,,10000.0,300.0
1022,-1,51100,RAINFOREST_RESIN,9998.0,6.0,9996.0,1.0,9995.0,25.0,10004.0,1.0,10005.0,25.0,,,10001.0,300.0
1023,-1,51100,KELP,2020.0,26.0,,,,,2023.0,26.0,,,,,2021.5,2.79296875
1024,-1,51200,RAINFOREST_RESIN,9996.0,2.0,9995.0,28.0,,,10004.0,2.0,10005.0,28.0,,,10000.0,300.0
1025,-1,51200,KELP,2020.0,30.0,,,,,2023.0,30.0,,,,,2021.5,4.021484375
1026,-1,51300,KELP,2020.0,25.0,,,,,2023.0,25.0,,,,,2021.5,0.53125
1027,-1,51300,RAINFOREST_RESIN,9996.0,1.0,9995.0,24.0,,,10004.0,1.0,10005.0,24.0,,,10000.0,300.0
1028,-1,51400,KELP,2020.0,30.0,,,,,2023.0,30.0,,,,,2021.5,2.546875
1029,-1,51400,RAINFOREST_RESIN,9995.0,30.0,,,,,10002.0,3.0,10005.0,30.0,,,9998.5,300.0
1030,-1,51500,RAINFOREST_RESIN,9995.0,30.0,,,,,10005.0,30.0,,,,,10000.0,300.0
1031,-1,51500,KELP,2022.0,1.0,2020.0,30.0,,,2023.0,30.0,,,,,2022.5,2.77734375
1032,-1,51600,RAINFOREST_RESIN,10000.0,5.0,9996.0,2.0,9995.0,22.0,10002.0,1.0,10004.0,2.0,10005.0,22.0,10001.0,300.0
1033,-1,51600,KELP,2021.0,5.0,2020.0,24.0,,,2023.0,24.0,,,,,2022.0,2.28515625
1034,-1,51700,KELP,2020.0,16.0,,,,,2023.0,20.0,,,,,2021.5,3.8125
1035,-1,51700,RAINFOREST_RESIN,9995.0,20.0,,,,,10005.0,20.0,,,,,10000.0,300.0
1036,-1,51800,KELP,2020.0,1.0,2019.0,24.0,,,2023.0,25.0,,,,,2021.5,5.951171875
1037,-1,51800,RAINFOREST_RESIN,9996.0,1.0,9995.0,24.0,,,10004.0,1.0,10005.0,24.0,,,10000.0,300.0
1038,-1,51900,RAINFOREST_RESIN,9996.0,1.0,9995.0,23.0,,,10004.0,1.0,10005.0,23.0,,,10000.0,300.0
1039,-1,51900,KELP,2021.0,4.0,2019.0,24.0,,,2023.0,24.0,,,,,2022.0,7.87890625
1040,-1,52000,RAINFOREST_RESIN,9998.0,3.0,9995.0,29.0,,,10005.0,29.0,,,,,10001.5,300.0
1041,-1,52000,KELP,2019.0,29.0,,,,,2021.0,6.0,2023.0,29.0,,,2020.0,6.771484375
1042,-1,52100,KELP,2019.0,21.0,,,,,2023.0,21.0,,,,,2021.0,6.5703125
1043,-1,52100,RAINFOREST_RESIN,9995.0,21.0,,,,,10005.0,21.0,,,,,10000.0,300.0
1044,-1,52200,KELP,2019.0,31.0,,,,,2023.0,31.0,,,,,2021.0,8.28515625
1045,-1,52200,RAINFOREST_RESIN,9996.0,2.0,9995.0,29.0,,,10004.0,2.0,10005.0,29.0,,,10000.0,300.0
1046,-1,52300,RAINFOREST_RESIN,10002.0,1.0,9996.0,1.0,9995.0,27.0,10004.0,1.0,10005.0,27.0,,,10003.0,300.0
1047,-1,52300,KELP,2022.0,1.0,2019.0,28.0,,,2023.0,28.0,,,,,2022.5,7.29296875
1048,-1,52400,RAINFOREST_RESIN,9998.0,3.0,9996.0,1.0,9995.0,29.0,10004.0,1.0,10005.0,29.0,,,10001.0,302.0
1049,-1,52400,KELP,2020.0,30.0,,,,,2023.0,30.0,,,,,2021.5,2.9140625
1050,-1,52500,KELP,2022.0,1.0,2020.0,28.0,,,2023.0,28.0,,,,,2022.5,3.462890625
1051,-1,52500,RAINFOREST_RESIN,9996.0,1.0,9995.0,27.0,,,9998.0,1.0,10004.0,1.0,10005.0,27.0,9997.0,302.0
1052,-1,52600,RAINFOREST_RESIN,9998.0,1.0,9996.0,1.0,9995.0,22.0,10000.0,4.0,10004.0,1.0,10005.0,22.0,9999.0,304.0
1053,-1,52600,KELP,2020.0,1.0,2019.0,22.0,,,2021.0,4.0,2023.0,23.0,,,2020.5,6.869140625
1054,-1,52700,KELP,2019.0,26.0,,,,,2023.0,27.0,,,,,2021.0,8.244140625
1055,-1,52700,RAINFOREST_RESIN,9996.0,2.0,9995.0,25.0,,,10004.0,2.0,10005.0,25.0,,,10000.0,304.0
1056,-1,52800,RAINFOREST_RESIN,9995.0,26.0,,,,,10005.0,26.0,,,,,10000.0,304.0
1057,-1,52800,KELP,2019.0,26.0,,,,,2023.0,26.0,,,,,2021.0,6.771484375
1058,-1,52900,KELP,2020.0,30.0,,,,,2023.0,30.0,,,,,2021.5,6.5751953125
1059,-1,52900,RAINFOREST_RESIN,9995.0,30.0,,,,,10005.0,30.0,,,,,10000.0,304.0
1060,-1,53000,RAINFOREST_RESIN,10002.0,1.0,9996.0,1.0,9995.0,20.0,10004.0,1.0,10005.0,20.0,,,10003.0,304.0
1061,-1,53000,KELP,2020.0,21.0,,,,,2023.0,21.0,,,,,2021.5,5.61328125
1062,-1,53100,KELP,2019.0,24.0,,,,,2023.0,24.0,,,,,2021.0,7.7158203125
1063,-1,53100,RAINFOREST_RESIN,9995.0,24.0,,,,,10005.0,24.0,,,,,10000.0,306.0
1064,-1,53200,RAINFOREST_RESIN,9996.0,1.0,9995.0,30.0,,,10004.0,1.0,10005.0,30.0,,,10000.0,306.0
1065,-1,53200,KELP,2022.0,1.0,2019.0,31.0,,,2023.0,31.0,,,,,2022.5,7.4501953125
1066,-1,53300,KELP,2020.0,29.0,,,,,2023.0,29.0,,,,,2021.5,6.5224609375
1067,-1,53300,RAINFOREST_RESIN,9995.0,29.0,,,,,10005.0,29.0,,,,,10000.0,306.0
1068,-1,53400,RAINFOREST_RESIN,9998.0,6.0,9996.0,2.0,9995.0,23.0,10004.0,2.0,10005.0,23.0,,,10001.0,306.0
1069,-1,53400,KELP,2020.0,25.0,,,,,2023.0,25.0,,,,,2021.5,5.185546875
1070,-1,53500,KELP,2020.0,23.0,,,,,2023.0,23.0,,,,,2021.5,5.888671875
1071,-1,53500,RAINFOREST_RESIN,9996.0,2.0,9995.0,21.0,,,10002.0,1.0,10004.0,2.0,10005.0,21.0,9999.0,306.0
1072,-1,53600,RAINFOREST_RESIN,9995.0,24.0,,,,,9998.0,9.0,10005.0,24.0,,,9996.5,306.0
1073,-1,53600,KELP,2020.0,24.0,,,,,2023.0,24.0,,,,,2021.5,6.6015625
1074,-1,53700,KELP,2019.0,30.0,,,,,2023.0,30.0,,,,,2021.0,7.30078125
1075,-1,53700,RAINFOREST_RESIN,9998.0,1.0,9995.0,30.0,,,10005.0,30.0,,,,,10001.5,324.0
1076,-1,53800,RAINFOREST_RESIN,10002.0,3.0,9995.0,30.0,,,10005.0,30.0,,,,,10003.5,324.0
1077,-1,53800,KELP,2019.0,30.0,,,,,2023.0,30.0,,,,,2021.0,7.4248046875
1078,-1,53900,KELP,2019.0,27.0,,,,,2023.0,27.0,,,,,2021.0,7.787109375
1079,-1,53900,RAINFOREST_RESIN,9996.0,2.0,9995.0,25.0,,,10004.0,2.0,10005.0,25.0,,,10000.0,330.0
1080,-1,54000,RAINFOREST_RESIN,9998.0,6.0,9996.0,1.0,9995.0,30.0,10004.0,1.0,10005.0,30.0,,,10001.0,330.0
1081,-1,54000,KELP,2020.0,31.0,,,,,2022.0,1.0,2023.0,31.0,,,2021.0,5.6435546875
1082,-1,54100,KELP,2020.0,24.0,,,,,2022.0,2.0,2023.0,24.0,,,2021.0,5.8828125
1083,-1,54100,RAINFOREST_RESIN,9998.0,2.0,9996.0,2.0,9995.0,22.0,10004.0,2.0,10005.0,22.0,,,10001.0,330.0
1084,-1,54200,RAINFOREST_RESIN,9995.0,28.0,,,,,10005.0,28.0,,,,,10000.0,330.0
1085,-1,54200,KELP,2020.0,28.0,,,,,2023.0,28.0,,,,,2021.5,6.05078125
1086,-1,54300,KELP,2022.0,1.0,2019.0,25.0,,,2023.0,25.0,,,,,2022.5,8.048828125
1087,-1,54300,RAINFOREST_RESIN,9996.0,2.0,9995.0,23.0,,,10004.0,2.0,10005.0,23.0,,,10000.0,330.0
1088,-1,54400,RAINFOREST_RESIN,9995.0,29.0,,,,,10005.0,29.0,,,,,10000.0,330.0
1089,-1,54400,KELP,2019.0,29.0,,,,,2022.0,29.0,,,,,2020.5,9.439453125
1090,-1,54500,KELP,2019.0,21.0,,,,,2022.0,21.0,,,,,2020.5,10.0166015625
1091,-1,54500,RAINFOREST_RESIN,9996.0,1.0,9995.0,20.0,,,10004.0,1.0,10005.0,20.0,,,10000.0,330.0
1092,-1,54600,RAINFOREST_RESIN,10002.0,3.0,9995.0,27.0,,,10005.0,27.0,,,,,10003.5,330.0
1093,-1,54600,KELP,2019.0,27.0,,,,,2023.0,27.0,,,,,2021.0,9.236328125
1094,-1,54700,KELP,2019.0,29.0,,,,,2020.0,4.0,2022.0,29.0,,,2019.5,9.46484375
1095,-1,54700,RAINFOREST_RESIN,9996.0,2.0,9995.0,27.0,,,10004.0,2.0,10005.0,27.0,,,10000.0,336.0
1096,-1,54800,RAINFOREST_RESIN,9998.0,8.0,9995.0,27.0,,,10005.0,27.0,,,,,10001.5,336.0
1097,-1,54800,KELP,2019.0,27.0,,,,,2021.0,1.0,2022.0,27.0,,,2020.0,9.66796875
1098,-1,54900,KELP,2019.0,29.0,,,,,2022.0,29.0,,,,,2020.5,9.98046875
1099,-1,54900,RAINFOREST_RESIN,9996.0,1.0,9995.0,28.0,,,10002.0,3.0,10004.0,1.0,10005.0,28.0,9999.0,336.0
1100,-1,55000,RAINFOREST_RESIN,9996.0,2.0,9995.0,28.0,,,10002.0,8.0,10004.0,2.0,10005.0,28.0,9999.0,336.0
1101,-1,55000,KELP,2019.0,36.0,,,,,2022.0,30.0,,,,,2020.5,11.3193359375
1102,-1,55100,KELP,2019.0,37.0,,,,,2022.0,29.0,,,,,2020.5,12.23828125
1103,-1,55100,RAINFOREST_RESIN,9995.0,29.0,,,,,10005.0,29.0,,,,,10000.0,336.0
1104,-1,55200,RAINFOREST_RESIN,9996.0,2.0,9995.0,21.0,,,10004.0,2.0,10005.0,21.0,,,10000.0,336.0
1105,-1,55200,KELP,2018.0,21.0,,,,,2019.0,3.0,2020.0,8.0,2022.0,23.0,2018.5,13.037109375
1106,-1,55300,RAINFOREST_RESIN,9996.0,2.0,9995.0,27.0,,,9998.0,1.0,10002.0,2.0,10004.0,2.0,9997.0,336.0
1107,-1,55300,KELP,2018.0,29.0,,,,,2022.0,29.0,,,,,2020.0,13.587890625
1108,-1,55400,RAINFOREST_RESIN,9998.0,3.0,9996.0,1.0,9995.0,21.0,10004.0,1.0,10005.0,21.0,,,10001.0,338.0
1109,-1,55400,KELP,2019.0,2.0,2018.0,22.0,,,2022.0,22.0,,,,,2020.5,13.404296875
1110,-1,55500,KELP,2021.0,1.0,2019.0,4.0,2018.0,25.0,2022.0,25.0,,,,,2021.5,12.95703125
1111,-1,55500,RAINFOREST_RESIN,9995.0,25.0,,,,,10002.0,9.0,10005.0,25.0,,,9998.5,338.0
1112,-1,55600,KELP,2019.0,3.0,2018.0,26.0,,,2022.0,26.0,,,,,2020.5,14.130859375
1113,-1,55600,RAINFOREST_RESIN,9995.0,26.0,,,,,10005.0,26.0,,,,,10000.0,338.0
1114,-1,55700,RAINFOREST_RESIN,9996.0,2.0,9995.0,21.0,,,10004.0,2.0,10005.0,21.0,,,10000.0,338.0
1115,-1,55700,KELP,2019.0,25.0,,,,,2022.0,23.0,,,,,2020.5,13.5
1116,-1,55800,RAINFOREST_RESIN,9998.0,6.0,9996.0,1.0,9995.0,26.0,10004.0,1.0,10005.0,26.0,,,10001.0,338.0
1117,-1,55800,KELP,2018.0,27.0,,,,,2022.0,27.0,,,,,2020.0,14.28125
1118,-1,55900,KELP,2018.0,22.0,,,,,2022.0,22.0,,,,,2020.0,15.58984375
1119,-1,55900,RAINFOREST_RESIN,9995.0,22.0,,,,,10005.0,22.0,,,,,10000.0,338.0
1120,-1,56000,KELP,2018.0,24.0,,,,,2019.0,3.0,2021.0,2.0,2022.0,22.0,2018.5,16.21875
1121,-1,56000,RAINFOREST_RESIN,9996.0,2.0,9995.0,22.0,,,10002.0,10.0,10004.0,2.0,10005.0,22.0,9999.0,338.0
1122,-1,56100,RAINFOREST_RESIN,9996.0,2.0,9995.0,20.0,,,10004.0,2.0,10005.0,20.0,,,10000.0,338.0
1123,-1,56100,KELP,2019.0,22.0,,,,,2022.0,22.0,,,,,2020.5,12.6865234375
1124,-1,56200,RAINFOREST_RESIN,9996.0,1.0,9995.0,29.0,,,10004.0,1.0,10005.0,29.0,,,10000.0,338.0
1125,-1,56200,KELP,2020.0,2.0,2018.0,30.0,,,2022.0,30.0,,,,,2021.0,14.2861328125
1126,-1,56300,KELP,2019.0,6.0,2018.0,27.0,,,2022.0,27.0,,,,,2020.5,14.470703125
1127,-1,56300,RAINFOREST_RESIN,10002.0,1.0,9996.0,2.0,9995.0,25.0,10004.0,2.0,10005.0,25.0,,,10003.0,338.0
1128,-1,56400,KELP,2018.0,31.0,,,,,2022.0,31.0,,,,,2020.0,14.759765625
1129,-1,56400,RAINFOREST_RESIN,9996.0,1.0,9995.0,30.0,,,10004.0,1.0,10005.0,30.0,,,10000.0,340.0
1130,-1,56500,RAINFOREST_RESIN,9996.0,2.0,9995.0,27.0,,,10004.0,2.0,10005.0,27.0,,,10000.0,340.0
1131,-1,56500,KELP,2018.0,29.0,,,,,2022.0,29.0,,,,,2020.0,14.962890625
1132,-1,56600,RAINFOREST_RESIN,9996.0,2.0,9995.0,29.0,,,10002.0,4.0,10004.0,2.0,10005.0,29.0,9999.0,340.0
1133,-1,56600,KELP,2019.0,2.0,2018.0,29.0,,,2022.0,31.0,,,,,2020.5,13.9140625
1134,-1,56700,KELP,2020.0,6.0,2018.0,26.0,,,2022.0,26.0,,,,,2021.0,15.318359375
1135,-1,56700,RAINFOREST_RESIN,9998.0,3.0,9996.0,2.0,9995.0,24.0,10000.0,2.0,10004.0,2.0,10005.0,24.0,9999.0,340.0
1136,-1,56800,KELP,2018.0,24.0,,,,,2021.0,2.0,2022.0,22.0,,,2019.5,16.05078125
1137,-1,56800,RAINFOREST_RESIN,10002.0,1.0,9998.0,10.0,9996.0,2.0,10004.0,2.0,10005.0,22.0,,,10003.0,340.0
1138,-1,56900,RAINFOREST_RESIN,9996.0,2.0,9995.0,20.0,,,10004.0,2.0,10005.0,20.0,,,10000.0,342.0
1139,-1,56900,KELP,2018.0,24.0,,,,,2021.0,22.0,,,,,2019.5,17.720703125
1140,-1,57000,RAINFOREST_RESIN,9996.0,1.0,9995.0,27.0,,,10004.0,1.0,10005.0,27.0,,,10000.0,342.0
1141,-1,57000,KELP,2018.0,28.0,,,,,2020.0,8.0,2021.0,28.0,,,2019.0,20.0478515625
1142,-1,57100,KELP,2017.0,27.0,,,,,2020.0,27.0,,,,,2018.5,23.7568359375
1143,-1,57100,RAINFOREST_RESIN,9996.0,2.0,9995.0,25.0,,,10004.0,2.0,10005.0,25.0,,,10000.0,342.0
1144,-1,57200,KELP,2019.0,1.0,2017.0,27.0,,,2020.0,27.0,,,,,2019.5,24.8515625
1145,-1,57200,RAINFOREST_RESIN,10002.0,2.0,9996.0,1.0,9995.0,26.0,10004.0,1.0,10005.0,26.0,,,10003.0,342.0
1146,-1,57300,RAINFOREST_RESIN,9996.0,1.0,9995.0,26.0,,,10002.0,9.0,10004.0,1.0,10005.0,26.0,9999.0,346.0
1147,-1,57300,KELP,2017.0,27.0,,,,,2020.0,27.0,,,,,2018.5,24.13671875
1148,-1,57400,RAINFOREST_RESIN,9995.0,24.0,,,,,10005.0,24.0,,,,,10000.0,346.0
1149,-1,57400,KELP,2017.0,24.0,,,,,2019.0,2.0,2020.0,24.0,,,2018.0,24.794921875
1150,-1,57500,KELP,2019.0,5.0,2017.0,30.0,,,2020.0,25.0,,,,,2019.5,24.6806640625
1151,-1,57500,RAINFOREST_RESIN,9998.0,5.0,9996.0,2.0,9995.0,23.0,10004.0,2.0,10005.0,23.0,,,10001.0,346.0
1152,-1,57600,KELP,2017.0,24.0,,,,,2020.0,24.0,,,,,2018.5,25.68359375
1153,-1,57600,RAINFOREST_RESIN,9995.0,24.0,,,,,10005.0,24.0,,,,,10000.0,346.0
1154,-1,57700,RAINFOREST_RESIN,9995.0,29.0,,,,,10005.0,29.0,,,,,10000.0,346.0
1155,-1,57700,KELP,2017.0,29.0,,,,,2020.0,29.0,,,,,2018.5,25.873046875
1156,-1,57800,RAINFOREST_RESIN,9998.0,1.0,9996.0,2.0,9995.0,29.0,10004.0,2.0,10005.0,29.0,,,10001.0,346.0
1157,-1,57800,KELP,2017.0,31.0,,,,,2020.0,2.0,2021.0,29.0,,,2018.5,23.400390625
1158,-1,57900,KELP,2017.0,27.0,,,,,2018.0,6.0,2019.0,5.0,2020.0,2.0,2017.5,24.259765625
1159,-1,57900,RAINFOREST_RESIN,9996.0,2.0,9995.0,25.0,,,9998.0,1.0,10000.0,6.0,10004.0,2.0,9997.0,346.0
1160,-1,58000,KELP,2017.0,29.0,,,,,2020.0,1.0,2021.0,24.0,,,2018.5,24.42578125
1161,-1,58000,RAINFOREST_RESIN,9996.0,1.0,9995.0,24.0,,,9998.0,4.0,10004.0,1.0,10005.0,24.0,9997.0,348.0
1162,-1,58100,RAINFOREST_RESIN,9995.0,23.0,,,,,10005.0,23.0,,,,,10000.0,356.0
1163,-1,58100,KELP,2017.0,23.0,,,,,2020.0,23.0,,,,,2018.5,28.1171875
1164,-1,58200,RAINFOREST_RESIN,9996.0,1.0,9995.0,30.0,,,10004.0,1.0,10005.0,30.0,,,10000.0,356.0
1165,-1,58200,KELP,2017.0,31.0,,,,,2020.0,31.0,,,,,2018.5,27.3671875
1166,-1,58300,KELP,2017.0,29.0,,,,,2020.0,29.0,,,,,2018.5,27.947265625
1167,-1,58300,RAINFOREST_RESIN,9995.0,29.0,,,,,10005.0,29.0,,,,,10000.0,356.0
1168,-1,58400,KELP,2016.0,23.0,,,,,2018.0,1.0,2019.0,23.0,,,2017.0,41.095703125
1169,-1,58400,RAINFOREST_RESIN,9996.0,2.0,9995.0,21.0,,,10004.0,2.0,10005.0,21.0,,,10000.0,356.0
1170,-1,58500,RAINFOREST_RESIN,9995.0,21.0,,,,,10002.0,1.0,10005.0,21.0,,,9998.5,356.0
1171,-1,58500,KELP,2016.0,21.0,,,,,2019.0,21.0,,,,,2017.5,43.169921875
1172,-1,58600,RAINFOREST_RESIN,10002.0,1.0,9995.0,25.0,,,10005.0,25.0,,,,,10003.5,356.0
1173,-1,58600,KELP,2015.0,25.0,,,,,2017.0,7.0,2019.0,25.0,,,2016.0,46.25
1174,-1,58700,KELP,2015.0,34.0,,,,,2018.0,32.0,,,,,2016.5,49.47265625
1175,-1,58700,RAINFOREST_RESIN,9996.0,2.0,9995.0,30.0,,,10004.0,2.0,10005.0,30.0,,,10000.0,358.0
1176,-1,58800,KELP,2015.0,29.0,,,,,2019.0,29.0,,,,,2017.0,46.609375
1177,-1,58800,RAINFOREST_RESIN,9995.0,29.0,,,,,10002.0,1.0,10005.0,29.0,,,9998.5,358.0
1178,-1,58900,RAINFOREST_RESIN,9996.0,1.0,9995.0,24.0,,,10004.0,1.0,10005.0,24.0,,,10000.0,358.0
1179,-1,58900,KELP,2015.0,25.0,,,,,2019.0,25.0,,,,,2017.0,44.8671875
1180,-1,59000,RAINFOREST_RESIN,9996.0,2.0,9995.0,20.0,,,10004.0,2.0,10005.0,20.0,,,10000.0,358.0
1181,-1,59000,KELP,2016.0,22.0,,,,,2019.0,22.0,,,,,2017.5,41.4765625
1182,-1,59100,KELP,2016.0,34.0,,,,,2019.0,27.0,,,,,2017.5,38.703125
1183,-1,59100,RAINFOREST_RESIN,9995.0,27.0,,,,,10005.0,27.0,,,,,10000.0,358.0
1184,-1,59200,KELP,2016.0,31.0,,,,,2020.0,31.0,,,,,2018.0,33.134765625
1185,-1,59200,RAINFOREST_RESIN,9998.0,4.0,9996.0,2.0,9995.0,29.0,10004.0,2.0,10005.0,29.0,,,10001.0,358.0
1186,-1,59300,RAINFOREST_RESIN,9996.0,1.0,9995.0,26.0,,,10004.0,1.0,10005.0,26.0,,,10000.0,358.0
1187,-1,59300,KELP,2016.0,26.0,,,,,2018.0,2.0,2019.0,27.0,,,2017.0,38.296875
1188,-1,59400,RAINFOREST_RESIN,9996.0,1.0,9995.0,21.0,,,10004.0,1.0,10005.0,21.0,,,10000.0,358.0
1189,-1,59400,KELP,2015.0,22.0,,,,,2019.0,22.0,,,,,2017.0,44.994140625
1190,-1,59500,KELP,2015.0,23.0,,,,,2019.0,23.0,,,,,2017.0,43.87890625
1191,-1,59500,RAINFOREST_RESIN,10002.0,5.0,9995.0,23.0,,,10005.0,23.0,,,,,10003.5,358.0
1192,-1,59600,KELP,2016.0,29.0,,,,,2019.0,29.0,,,,,2017.5,42.48046875
1193,-1,59600,RAINFOREST_RESIN,9996.0,2.0,9995.0,27.0,,,10004.0,2.0,10005.0,27.0,,,10000.0,368.0
1194,-1,59700,RAINFOREST_RESIN,9995.0,21.0,,,,,10005.0,21.0,,,,,10000.0,368.0
1195,-1,59700,KELP,2015.0,21.0,,,,,2018.0,21.0,,,,,2016.5,52.5234375
1196,-1,59800,RAINFOREST_RESIN,9996.0,1.0,9995.0,24.0,,,10004.0,1.0,10005.0,24.0,,,10000.0,368.0
1197,-1,59800,KELP,2015.0,25.0,,,,,2018.0,25.0,,,,,2016.5,51.13671875
1198,-1,59900,KELP,2015.0,24.0,,,,,2018.0,24.0,,,,,2016.5,52.6171875
1199,-1,59900,RAINFOREST_RESIN,9996.0,1.0,9995.0,23.0,,,10002.0,6.0,10004.0,1.0,10005.0,23.0,9999.0,368.0
1200,-1,60000,KELP,2015.0,22.0,,,,,2018.0,22.0,,,,,2016.5,51.40234375
1201,-1,60000,RAINFOREST_RESIN,9998.0,3.0,9995.0,22.0,,,10005.0,22.0,,,,,10001.5,368.0
1202,-1,60100,RAINFOREST_RESIN,9996.0,2.0,9995.0,25.0,,,10004.0,2.0,10005.0,25.0,,,10000.0,368.0
1203,-1,60100,KELP,2015.0,27.0,,,,,2018.0,27.0,,,,,2016.5,52.3515625
1204,-1,60200,RAINFOREST_RESIN,9995.0,25.0,,,,,10005.0,25.0,,,,,10000.0,368.0
1205,-1,60200,KELP,2016.0,3.0,2015.0,25.0,,,2018.0,25.0,,,,,2017.0,55.095703125
1206,-1,60300,KELP,2015.0,28.0,,,,,2018.0,28.0,,,,,2016.5,55.44140625
1207,-1,60300,RAINFOREST_RESIN,9996.0,1.0,9995.0,27.0,,,10004.0,1.0,10005.0,27.0,,,10000.0,368.0
