,day,timestamp,product,bid_price_1,bid_volume_1,bid_price_2,bid_volume_2,bid_price_3,bid_volume_3,ask_price_1,ask_volume_1,ask_price_2,ask_volume_2,ask_price_3,ask_volume_3,mid_price,profit_and_loss
0,1,0,SQUID_INK,1834.0,23.0,,,,,1838.0,23.0,,,,,1836.0,0.0
1,1,0,RAINFOREST_RESIN,9998.0,9.0,9995.0,23.0,,,10005.0,23.0,,,,,10001.5,0.0
2,1,0,KELP,2032.0,23.0,,,,,2035.0,23.0,,,,,2033.5,0.0
3,1,100,KELP,2034.0,1.0,2033.0,2.0,2032.0,22.0,2035.0,22.0,,,,,2034.5,0.0
4,1,100,SQUID_INK,1837.0,1.0,1836.0,2.0,1835.0,22.0,1839.0,22.0,,,,,1838.0,0.0
5,1,100,RAINFOREST_RESIN,10002.0,1.0,10000.0,2.0,9998.0,4.0,10004.0,1.0,10005.0,21.0,,,10003.0,0.0
6,1,200,RAINFOREST_RESIN,9996.0,1.0,9995.0,21.0,,,10004.0,1.0,10005.0,21.0,,,10000.0,2.0
7,1,200,KELP,2032.0,22.0,,,,,2035.0,22.0,,,,,2033.5,0.0
8,1,200,SQUID_INK,1832.0,22.0,,,,,1835.0,22.0,,,,,1833.5,0.0
9,1,300,KELP,2034.0,1.0,2032.0,26.0,,,2035.0,26.0,,,,,2034.5,0.0
10,1,300,SQUID_INK,1836.0,1.0,1834.0,26.0,,,1837.0,26.0,,,,,1836.5,0.0
11,1,300,RAINFOREST_RESIN,9995.0,26.0,,,,,10005.0,26.0,,,,,10000.0,2.0
12,1,400,SQUID_INK,1833.0,28.0,,,,,1836.0,28.0,,,,,1834.5,0.0
13,1,400,RAINFOREST_RESIN,9998.0,8.0,9996.0,2.0,9995.0,26.0,10004.0,2.0,10005.0,26.0,,,10001.0,2.0
14,1,400,KELP,2032.0,28.0,,,,,2035.0,28.0,,,,,2033.5,0.0
15,1,500,KELP,2032.0,24.0,,,,,2034.0,3.0,2035.0,24.0,,,2033.0,0.0
16,1,500,SQUID_INK,1834.0,24.0,,,,,1836.0,3.0,1837.0,24.0,,,1835.0,0.0
17,1,500,RAINFOREST_RESIN,9998.0,8.0,9996.0,1.0,9995.0,23.0,10004.0,1.0,10005.0,23.0,,,10001.0,2.0
18,1,600,RAINFOREST_RESIN,9996.0,2.0,9995.0,28.0,,,10004.0,2.0,10005.0,28.0,,,10000.0,2.0
19,1,600,KELP,2033.0,5.0,2032.0,30.0,,,2035.0,30.0,,,,,2034.0,0.0
20,1,600,SQUID_INK,1834.0,5.0,1832.0,30.0,,,1835.0,30.0,,,,,1834.5,0.0
21,1,700,KELP,2032.0,22.0,,,,,2035.0,23.0,,,,,2033.5,0.0
22,1,700,SQUID_INK,1834.0,22.0,,,,,1837.0,1.0,1838.0,22.0,,,1835.5,0.0
23,1,700,RAINFOREST_RESIN,9996.0,1.0,9995.0,22.0,,,10004.0,1.0,10005.0,22.0,,,10000.0,2.0
24,1,800,SQUID_INK,1836.0,25.0,,,,,1837.0,3.0,1839.0,25.0,,,1836.5,0.0
25,1,800,RAINFOREST_RESIN,9996.0,1.0,9995.0,24.0,,,10000.0,3.0,10004.0,1.0,10005.0,24.0,9998.0,2.0
26,1,800,KELP,2032.0,25.0,,,,,2033.0,3.0,2035.0,25.0,,,2032.5,0.0
27,1,900,SQUID_INK,1840.0,21.0,,,,,1843.0,21.0,,,,,1841.5,0.0
28,1,900,KELP,2031.0,21.0,,,,,2035.0,21.0,,,,,2033.0,0.0
29,1,900,RAINFOREST_RESIN,9996.0,1.0,9995.0,20.0,,,9998.0,11.0,10004.0,1.0,10005.0,20.0,9997.0,2.0
30,1,1000,RAINFOREST_RESIN,9996.0,1.0,9995.0,30.0,,,10004.0,1.0,10005.0,30.0,,,10000.0,24.0
31,1,1000,KELP,2032.0,31.0,,,,,2035.0,31.0,,,,,2033.5,0.0
32,1,1000,SQUID_INK,1841.0,31.0,,,,,1844.0,31.0,,,,,1842.5,0.0
33,1,1100,SQUID_INK,1840.0,22.0,,,,,1843.0,22.0,,,,,1841.5,0.0
34,1,1100,KELP,2032.0,22.0,,,,,2035.0,22.0,,,,,2033.5,0.0
35,1,1100,RAINFOREST_RESIN,9996.0,1.0,9995.0,21.0,,,10002.0,6.0,10004.0,1.0,10005.0,21.0,9999.0,24.0
36,1,1200,SQUID_INK,1839.0,22.0,,,,,1842.0,23.0,,,,,1840.5,0.0
37,1,1200,RAINFOREST_RESIN,9996.0,1.0,9995.0,22.0,,,10004.0,1.0,10005.0,22.0,,,10000.0,24.0
38,1,1200,KELP,2031.0,23.0,,,,,2032.0,1.0,2035.0,23.0,,,2031.5,0.0
39,1,1300,SQUID_INK,1840.0,25.0,,,,,1843.0,25.0,,,,,1841.5,0.0
40,1,1300,KELP,2031.0,25.0,,,,,2035.0,25.0,,,,,2033.0,0.0
41,1,1300,RAINFOREST_RESIN,10002.0,1.0,9995.0,25.0,,,10005.0,25.0,,,,,10003.5,24.0
42,1,1400,RAINFOREST_RESIN,9995.0,23.0,,,,,10000.0,6.0,10005.0,23.0,,,9997.5,26.0
43,1,1400,KELP,2031.0,23.0,,,,,2033.0,6.0,2035.0,23.0,,,2032.0,0.0
44,1,1400,SQUID_INK,1841.0,23.0,,,,,1842.0,6.0,1844.0,23.0,,,1841.5,0.0
45,1,1500,SQUID_INK,1844.0,1.0,1842.0,21.0,,,1845.0,21.0,,,,,1844.5,0.0
46,1,1500,KELP,2034.0,1.0,2032.0,1.0,2031.0,20.0,2035.0,21.0,,,,,2034.5,0.0
47,1,1500,RAINFOREST_RESIN,9996.0,1.0,9995.0,20.0,,,9998.0,4.0,10004.0,1.0,10005.0,20.0,9997.0,26.0
48,1,1600,SQUID_INK,1844.0,2.0,1843.0,28.0,,,1847.0,30.0,,,,,1845.5,0.0
49,1,1600,RAINFOREST_RESIN,9996.0,2.0,9995.0,28.0,,,10004.0,2.0,10005.0,28.0,,,10000.0,34.0
50,1,1600,KELP,2032.0,30.0,,,,,2035.0,30.0,,,,,2033.5,0.6927490234375
51,1,1700,SQUID_INK,1841.0,28.0,,,,,1843.0,8.0,1844.0,28.0,,,1842.0,0.0
52,1,1700,KELP,2032.0,28.0,,,,,2034.0,8.0,2035.0,28.0,,,2033.0,0.6727294921875
53,1,1700,RAINFOREST_RESIN,9995.0,28.0,,,,,10005.0,28.0,,,,,10000.0,34.0
54,1,1800,RAINFOREST_RESIN,10000.0,4.0,9995.0,23.0,,,10002.0,10.0,10005.0,23.0,,,10001.0,34.0
55,1,1800,KELP,2033.0,4.0,2032.0,23.0,,,2035.0,23.0,,,,,2034.0,0.7742919921875
56,1,1800,SQUID_INK,1843.0,4.0,1841.0,23.0,,,1845.0,23.0,,,,,1844.0,0.0
57,1,1900,KELP,2032.0,31.0,,,,,2035.0,32.0,,,,,2033.5,0.7242431640625
58,1,1900,SQUID_INK,1844.0,32.0,,,,,1845.0,1.0,1847.0,2.0,1848.0,30.0,1844.5,0.0
59,1,1900,RAINFOREST_RESIN,9996.0,2.0,9995.0,30.0,,,10004.0,2.0,10005.0,30.0,,,10000.0,34.0
60,1,2000,KELP,2032.0,23.0,,,,,2035.0,23.0,,,,,2033.5,0.7032470703125
61,1,2000,SQUID_INK,1846.0,23.0,,,,,1849.0,23.0,,,,,1847.5,0.0
62,1,2000,RAINFOREST_RESIN,9996.0,2.0,9995.0,21.0,,,10004.0,2.0,10005.0,21.0,,,10000.0,34.0
63,1,2100,SQUID_INK,1845.0,28.0,,,,,1847.0,5.0,1848.0,2.0,1849.0,26.0,1846.0,0.0
64,1,2100,RAINFOREST_RESIN,9996.0,2.0,9995.0,26.0,,,10004.0,2.0,10005.0,26.0,,,10000.0,34.0
65,1,2100,KELP,2032.0,2.0,2031.0,26.0,,,2034.0,5.0,2035.0,28.0,,,2033.0,0.7947998046875
66,1,2200,RAINFOREST_RESIN,9996.0,1.0,9995.0,20.0,,,9998.0,4.0,10004.0,1.0,10005.0,20.0,9997.0,34.0
67,1,2200,KELP,2032.0,25.0,,,,,2035.0,21.0,,,,,2033.5,0.763916015625
68,1,2200,SQUID_INK,1846.0,25.0,,,,,1849.0,21.0,,,,,1847.5,0.0
69,1,2300,KELP,2032.0,7.0,2031.0,22.0,,,2035.0,24.0,,,,,2033.5,0.7835693359375
70,1,2300,SQUID_INK,1848.0,7.0,1847.0,22.0,,,1851.0,24.0,,,,,1849.5,0.0
71,1,2300,RAINFOREST_RESIN,9996.0,2.0,9995.0,22.0,,,10004.0,2.0,10005.0,22.0,,,10000.0,42.0
72,1,2400,KELP,2031.0,22.0,,,,,2035.0,22.0,,,,,2033.0,0.884765625
73,1,2400,SQUID_INK,1846.0,22.0,,,,,1849.0,22.0,,,,,1847.5,0.0
74,1,2400,RAINFOREST_RESIN,9996.0,2.0,9995.0,20.0,,,10004.0,2.0,10005.0,20.0,,,10000.0,42.0
75,1,2500,SQUID_INK,1847.0,2.0,1846.0,21.0,,,1850.0,23.0,,,,,1848.5,0.0
76,1,2500,RAINFOREST_RESIN,9998.0,3.0,9996.0,2.0,9995.0,21.0,10004.0,2.0,10005.0,21.0,,,10001.0,42.0
77,1,2500,KELP,2032.0,2.0,2031.0,21.0,,,2035.0,23.0,,,,,2033.5,0.8038330078125
78,1,2600,RAINFOREST_RESIN,10002.0,1.0,9996.0,1.0,9995.0,29.0,10004.0,1.0,10005.0,29.0,,,10003.0,42.0
79,1,2600,KELP,2032.0,1.0,2031.0,29.0,,,2035.0,30.0,,,,,2033.5,0.87451171875
80,1,2600,SQUID_INK,1849.0,30.0,,,,,1852.0,30.0,,,,,1850.5,0.0
81,1,2700,KELP,2032.0,9.0,2031.0,21.0,,,2035.0,23.0,,,,,2033.5,0.7919921875
82,1,2700,SQUID_INK,1848.0,30.0,,,,,1851.0,23.0,,,,,1849.5,0.0
83,1,2700,RAINFOREST_RESIN,9998.0,7.0,9996.0,2.0,9995.0,21.0,10004.0,2.0,10005.0,21.0,,,10001.0,44.0
84,1,2800,KELP,2031.0,27.0,,,,,2035.0,27.0,,,,,2033.0,0.88330078125
85,1,2800,SQUID_INK,1849.0,27.0,,,,,1852.0,27.0,,,,,1850.5,0.0
86,1,2800,RAINFOREST_RESIN,9995.0,27.0,,,,,10005.0,27.0,,,,,10000.0,44.0
87,1,2900,SQUID_INK,1848.0,22.0,,,,,1851.0,22.0,,,,,1849.5,0.0
88,1,2900,RAINFOREST_RESIN,9996.0,2.0,9995.0,20.0,,,10004.0,2.0,10005.0,20.0,,,10000.0,44.0
89,1,2900,KELP,2031.0,22.0,,,,,2035.0,22.0,,,,,2033.0,0.8934326171875
90,1,3000,RAINFOREST_RESIN,9996.0,1.0,9995.0,29.0,,,10004.0,1.0,10005.0,29.0,,,10000.0,44.0
91,1,3000,KELP,2034.0,1.0,2032.0,6.0,2031.0,29.0,2035.0,30.0,,,,,2034.5,0.8326416015625
92,1,3000,SQUID_INK,1850.0,1.0,1848.0,35.0,,,1851.0,30.0,,,,,1850.5,0.0
93,1,3100,KELP,2032.0,28.0,,,,,2035.0,28.0,,,,,2033.5,0.6920166015625
94,1,3100,SQUID_INK,1848.0,28.0,,,,,1851.0,28.0,,,,,1849.5,0.0
95,1,3100,RAINFOREST_RESIN,9998.0,5.0,9996.0,1.0,9995.0,27.0,10004.0,1.0,10005.0,27.0,,,10001.0,44.0
96,1,3200,KELP,2032.0,24.0,,,,,2033.0,5.0,2035.0,24.0,,,2032.5,0.6922607421875
97,1,3200,SQUID_INK,1848.0,24.0,,,,,1849.0,5.0,1851.0,24.0,,,1848.5,0.0
98,1,3200,RAINFOREST_RESIN,10002.0,2.0,9995.0,24.0,,,10005.0,24.0,,,,,10003.5,44.0
99,1,3300,SQUID_INK,1849.0,25.0,,,,,1852.0,25.0,,,,,1850.5,0.0
100,1,3300,RAINFOREST_RESIN,10002.0,1.0,9996.0,1.0,9995.0,24.0,10004.0,1.0,10005.0,24.0,,,10003.0,48.0
101,1,3300,KELP,2032.0,25.0,,,,,2035.0,25.0,,,,,2033.5,0.6922607421875
102,1,3400,RAINFOREST_RESIN,9998.0,10.0,9996.0,2.0,9995.0,27.0,10004.0,2.0,10005.0,27.0,,,10001.0,50.0
103,1,3400,KELP,2032.0,29.0,,,,,2035.0,29.0,,,,,2033.5,0.276611328125
104,1,3400,SQUID_INK,1849.0,2.0,1848.0,27.0,,,1852.0,29.0,,,,,1850.5,0.0
105,1,3500,KELP,2032.0,26.0,,,,,2035.0,26.0,,,,,2033.5,0.3748779296875
106,1,3500,SQUID_INK,1850.0,26.0,,,,,1853.0,26.0,,,,,1851.5,0.0
107,1,3500,RAINFOREST_RESIN,9995.0,26.0,,,,,10002.0,10.0,10005.0,26.0,,,9998.5,50.0
108,1,3600,KELP,2032.0,27.0,,,,,2035.0,27.0,,,,,2033.5,0.4158935546875
109,1,3600,SQUID_INK,1850.0,27.0,,,,,1853.0,27.0,,,,,1851.5,0.0
110,1,3600,RAINFOREST_RESIN,9995.0,27.0,,,,,10002.0,8.0,10005.0,27.0,,,9998.5,50.0
111,1,3700,SQUID_INK,1851.0,25.0,,,,,1854.0,25.0,,,,,1852.5,0.0
112,1,3700,RAINFOREST_RESIN,9998.0,3.0,9995.0,25.0,,,10005.0,25.0,,,,,10001.5,50.0
113,1,3700,KELP,2032.0,25.0,,,,,2035.0,25.0,,,,,2033.5,0.344970703125
114,1,3800,RAINFOREST_RESIN,9995.0,24.0,,,,,10005.0,24.0,,,,,10000.0,50.0
115,1,3800,KELP,2032.0,24.0,,,,,2034.0,7.0,2035.0,24.0,,,2033.0,0.284423828125
116,1,3800,SQUID_INK,1853.0,24.0,,,,,1854.0,7.0,1856.0,24.0,,,1853.5,0.0
117,1,3900,KELP,2032.0,27.0,,,,,2035.0,26.0,,,,,2033.5,0.3348388671875
118,1,3900,SQUID_INK,1852.0,27.0,,,,,1855.0,26.0,,,,,1853.5,0.0
119,1,3900,RAINFOREST_RESIN,9996.0,2.0,9995.0,24.0,,,10004.0,2.0,10005.0,24.0,,,10000.0,50.0
120,1,4000,KELP,2032.0,30.0,,,,,2035.0,31.0,,,,,2033.5,0.26416015625
121,1,4000,SQUID_INK,1854.0,30.0,,,,,1857.0,31.0,,,,,1855.5,0.0
122,1,4000,RAINFOREST_RESIN,10002.0,1.0,9996.0,1.0,9995.0,30.0,10004.0,1.0,10005.0,30.0,,,10003.0,50.0
123,1,4100,RAINFOREST_RESIN,10000.0,5.0,9996.0,2.0,9995.0,22.0,10002.0,4.0,10004.0,2.0,10005.0,22.0,10001.0,52.0
124,1,4100,SQUID_INK,1855.0,5.0,1854.0,2.0,1853.0,22.0,1857.0,24.0,,,,,1856.0,0.0
125,1,4100,KELP,2033.0,5.0,2032.0,24.0,,,2035.0,24.0,,,,,2034.0,0.4256591796875
126,1,4200,RAINFOREST_RESIN,10002.0,5.0,9996.0,1.0,9995.0,28.0,10004.0,1.0,10005.0,28.0,,,10003.0,52.0
127,1,4200,KELP,2032.0,29.0,,,,,2034.0,7.0,2035.0,29.0,,,2033.0,0.517578125
128,1,4200,SQUID_INK,1854.0,29.0,,,,,1856.0,7.0,1857.0,29.0,,,1855.0,0.0
129,1,4300,KELP,2032.0,24.0,,,,,2035.0,26.0,,,,,2033.5,0.4874267578125
130,1,4300,RAINFOREST_RESIN,9995.0,26.0,,,,,10002.0,8.0,10005.0,26.0,,,9998.5,62.0
131,1,4300,SQUID_INK,1854.0,24.0,,,,,1857.0,26.0,,,,,1855.5,0.0
132,1,4400,KELP,2032.0,28.0,,,,,2035.0,28.0,,,,,2033.5,0.4571533203125
133,1,4400,SQUID_INK,1853.0,28.0,,,,,1856.0,28.0,,,,,1854.5,0.0
134,1,4400,RAINFOREST_RESIN,9995.0,28.0,,,,,10005.0,28.0,,,,,10000.0,62.0
135,1,4500,RAINFOREST_RESIN,9995.0,26.0,,,,,10005.0,26.0,,,,,10000.0,62.0
136,1,4500,SQUID_INK,1853.0,26.0,,,,,1854.0,8.0,1856.0,26.0,,,1853.5,0.0
137,1,4500,KELP,2032.0,26.0,,,,,2034.0,8.0,2035.0,26.0,,,2033.0,0.467041015625
138,1,4600,RAINFOREST_RESIN,9995.0,21.0,,,,,10005.0,21.0,,,,,10000.0,62.0
139,1,4600,KELP,2032.0,21.0,,,,,2034.0,3.0,2035.0,21.0,,,2033.0,0.4454345703125
140,1,4600,SQUID_INK,1857.0,21.0,,,,,1858.0,3.0,1860.0,21.0,,,1857.5,0.0
141,1,4700,KELP,2032.0,26.0,,,,,2035.0,26.0,,,,,2033.5,0.404541015625
142,1,4700,RAINFOREST_RESIN,9998.0,5.0,9995.0,26.0,,,10005.0,26.0,,,,,10001.5,62.0
143,1,4700,SQUID_INK,1855.0,26.0,,,,,1858.0,26.0,,,,,1856.5,0.0
144,1,4800,KELP,2034.0,1.0,2032.0,30.0,,,2035.0,23.0,,,,,2034.5,0.4146728515625
145,1,4800,SQUID_INK,1861.0,1.0,1860.0,7.0,1859.0,23.0,1863.0,23.0,,,,,1862.0,0.0
146,1,4800,RAINFOREST_RESIN,9996.0,1.0,9995.0,22.0,,,10004.0,1.0,10005.0,22.0,,,10000.0,62.0
147,1,4900,RAINFOREST_RESIN,9996.0,2.0,9995.0,22.0,,,10004.0,2.0,10005.0,22.0,,,10000.0,62.0
148,1,4900,SQUID_INK,1857.0,24.0,,,,,1859.0,6.0,1860.0,2.0,1861.0,22.0,1858.0,0.0
149,1,4900,KELP,2032.0,24.0,,,,,2034.0,6.0,2035.0,24.0,,,2033.0,0.3843994140625
150,1,5000,RAINFOREST_RESIN,9998.0,9.0,9996.0,1.0,9995.0,30.0,10004.0,1.0,10005.0,30.0,,,10001.0,62.0
151,1,5000,KELP,2032.0,36.0,,,,,2035.0,31.0,,,,,2033.5,0.384765625
152,1,5000,SQUID_INK,1860.0,6.0,1859.0,30.0,,,1863.0,31.0,,,,,1861.5,0.0
153,1,5100,KELP,2032.0,26.0,,,,,2035.0,26.0,,,,,2033.5,0.385009765625
154,1,5100,RAINFOREST_RESIN,9995.0,26.0,,,,,10005.0,26.0,,,,,10000.0,62.0
155,1,5100,SQUID_INK,1859.0,26.0,,,,,1862.0,26.0,,,,,1860.5,0.0
156,1,5200,SQUID_INK,1859.0,11.0,1858.0,25.0,,,1861.0,25.0,,,,,1860.0,0.0
157,1,5200,KELP,2033.0,5.0,2032.0,31.0,,,2035.0,25.0,,,,,2034.0,0.385009765625
158,1,5200,RAINFOREST_RESIN,10000.0,5.0,9998.0,7.0,9996.0,2.0,10004.0,2.0,10005.0,23.0,,,10002.0,62.0
159,1,5300,RAINFOREST_RESIN,9995.0,22.0,,,,,9998.0,12.0,10005.0,22.0,,,9996.5,62.0
160,1,5300,SQUID_INK,1857.0,22.0,,,,,1860.0,22.0,,,,,1858.5,0.0
161,1,5300,KELP,2032.0,22.0,,,,,2035.0,22.0,,,,,2033.5,0.37451171875
162,1,5400,RAINFOREST_RESIN,9995.0,30.0,,,,,10005.0,30.0,,,,,10000.0,86.0
163,1,5400,SQUID_INK,1857.0,30.0,,,,,1860.0,30.0,,,,,1858.5,0.0
164,1,5400,KELP,2032.0,30.0,,,,,2035.0,30.0,,,,,2033.5,0.3336181640625
165,1,5500,KELP,2032.0,21.0,,,,,2035.0,29.0,,,,,2033.5,0.426025390625
166,1,5500,RAINFOREST_RESIN,9996.0,1.0,9995.0,28.0,,,10004.0,1.0,10005.0,28.0,,,10000.0,86.0
167,1,5500,SQUID_INK,1858.0,29.0,,,,,1859.0,8.0,1862.0,29.0,,,1858.5,0.0
168,1,5600,SQUID_INK,1859.0,25.0,,,,,1862.0,25.0,,,,,1860.5,0.0
169,1,5600,KELP,2032.0,25.0,,,,,2035.0,25.0,,,,,2033.5,0.3953857421875
170,1,5600,RAINFOREST_RESIN,9998.0,2.0,9996.0,2.0,9995.0,23.0,10004.0,2.0,10005.0,23.0,,,10001.0,86.0
171,1,5700,RAINFOREST_RESIN,9996.0,1.0,9995.0,30.0,,,10004.0,1.0,10005.0,30.0,,,10000.0,86.0
172,1,5700,SQUID_INK,1859.0,4.0,1858.0,30.0,,,1862.0,31.0,,,,,1860.5,0.0
173,1,5700,KELP,2032.0,34.0,,,,,2035.0,31.0,,,,,2033.5,0.324951171875
174,1,5800,RAINFOREST_RESIN,9996.0,2.0,9995.0,28.0,,,10004.0,2.0,10005.0,28.0,,,10000.0,86.0
175,1,5800,SQUID_INK,1858.0,30.0,,,,,1861.0,30.0,,,,,1859.5,0.0
176,1,5800,KELP,2032.0,30.0,,,,,2035.0,30.0,,,,,2033.5,0.35595703125
177,1,5900,KELP,2032.0,23.0,,,,,2035.0,23.0,,,,,2033.5,0.335205078125
178,1,5900,RAINFOREST_RESIN,9996.0,2.0,9995.0,21.0,,,10004.0,2.0,10005.0,21.0,,,10000.0,86.0
179,1,5900,SQUID_INK,1857.0,23.0,,,,,1860.0,23.0,,,,,1858.5,0.0
180,1,6000,SQUID_INK,1859.0,30.0,,,,,1862.0,30.0,,,,,1860.5,0.0
181,1,6000,KELP,2032.0,30.0,,,,,2035.0,30.0,,,,,2033.5,0.274658203125
182,1,6000,RAINFOREST_RESIN,9995.0,30.0,,,,,10002.0,10.0,10005.0,30.0,,,9998.5,86.0
183,1,6100,RAINFOREST_RESIN,9996.0,1.0,9995.0,24.0,,,10004.0,1.0,10005.0,24.0,,,10000.0,86.0
184,1,6100,SQUID_INK,1859.0,25.0,,,,,1862.0,25.0,,,,,1860.5,0.0
185,1,6100,KELP,2032.0,25.0,,,,,2035.0,25.0,,,,,2033.5,0.4979248046875
186,1,6200,RAINFOREST_RESIN,9998.0,3.0,9996.0,1.0,9995.0,29.0,10004.0,1.0,10005.0,29.0,,,10001.0,86.0
187,1,6200,SQUID_INK,1861.0,1.0,1859.0,30.0,,,1862.0,30.0,,,,,1861.5,0.0
188,1,6200,KELP,2034.0,1.0,2032.0,30.0,,,2035.0,30.0,,,,,2034.5,0.3759765625
189,1,6300,KELP,2032.0,22.0,,,,,2035.0,22.0,,,,,2033.5,0.33544921875
190,1,6300,RAINFOREST_RESIN,9995.0,22.0,,,,,10005.0,22.0,,,,,10000.0,86.0
191,1,6300,SQUID_INK,1859.0,22.0,,,,,1862.0,22.0,,,,,1860.5,0.0
192,1,6400,SQUID_INK,1858.0,24.0,,,,,1862.0,24.0,,,,,1860.0,0.0
193,1,6400,KELP,2032.0,24.0,,,,,2035.0,24.0,,,,,2033.5,0.3563232421875
194,1,6400,RAINFOREST_RESIN,9996.0,1.0,9995.0,23.0,,,10002.0,6.0,10004.0,1.0,10005.0,23.0,9999.0,86.0
195,1,6500,RAINFOREST_RESIN,9995.0,22.0,,,,,10005.0,22.0,,,,,10000.0,86.0
196,1,6500,SQUID_INK,1859.0,22.0,,,,,1862.0,22.0,,,,,1860.5,0.0
197,1,6500,KELP,2032.0,22.0,,,,,2035.0,22.0,,,,,2033.5,0.3563232421875
198,1,6600,RAINFOREST_RESIN,9996.0,2.0,9995.0,27.0,,,10004.0,2.0,10005.0,27.0,,,10000.0,86.0
199,1,6600,SQUID_INK,1860.0,22.0,,,,,1863.0,29.0,,,,,1861.5,0.0
200,1,6600,KELP,2032.0,22.0,,,,,2035.0,29.0,,,,,2033.5,0.2452392578125
201,1,6700,KELP,2032.0,31.0,,,,,2034.0,7.0,2035.0,1.0,2036.0,30.0,2033.0,0.202392578125
202,1,6700,RAINFOREST_RESIN,9996.0,1.0,9995.0,30.0,,,10004.0,1.0,10005.0,30.0,,,10000.0,86.0
203,1,6700,SQUID_INK,1859.0,31.0,,,,,1861.0,7.0,1862.0,31.0,,,1860.0,0.0
204,1,6800,SQUID_INK,1860.0,4.0,1859.0,31.0,,,1862.0,2.0,1863.0,29.0,,,1861.0,0.0
205,1,6800,KELP,2033.0,4.0,2032.0,31.0,,,2035.0,31.0,,,,,2034.0,0.2838134765625
206,1,6800,RAINFOREST_RESIN,10000.0,5.0,9996.0,2.0,9995.0,29.0,10004.0,2.0,10005.0,29.0,,,10002.0,86.0
207,1,6900,RAINFOREST_RESIN,9996.0,2.0,9995.0,27.0,,,10004.0,2.0,10005.0,27.0,,,10000.0,86.0
208,1,6900,SQUID_INK,1860.0,29.0,,,,,1862.0,3.0,1863.0,29.0,,,1861.0,0.0
209,1,6900,KELP,2032.0,29.0,,,,,2034.0,3.0,2035.0,29.0,,,2033.0,0.275146484375
210,1,7000,RAINFOREST_RESIN,9996.0,1.0,9995.0,30.0,,,10004.0,1.0,10005.0,30.0,,,10000.0,86.0
211,1,7000,SQUID_INK,1860.0,7.0,1859.0,31.0,,,1863.0,31.0,,,,,1861.5,0.0
212,1,7000,KELP,2032.0,38.0,,,,,2035.0,31.0,,,,,2033.5,0.2757568359375
213,1,7100,KELP,2032.0,31.0,,,,,2035.0,31.0,,,,,2033.5,0.247314453125
214,1,7100,RAINFOREST_RESIN,9996.0,1.0,9995.0,30.0,,,9998.0,5.0,10002.0,7.0,10004.0,1.0,9997.0,86.0
215,1,7100,SQUID_INK,1860.0,31.0,,,,,1863.0,31.0,,,,,1861.5,0.0
216,1,7200,SQUID_INK,1859.0,29.0,,,,,1862.0,23.0,,,,,1860.5,0.0
217,1,7200,KELP,2032.0,29.0,,,,,2035.0,23.0,,,,,2033.5,0.2784423828125
218,1,7200,RAINFOREST_RESIN,9996.0,1.0,9995.0,22.0,,,10002.0,1.0,10004.0,1.0,10005.0,22.0,9999.0,96.0
219,1,7300,RAINFOREST_RESIN,9996.0,1.0,9995.0,25.0,,,10004.0,1.0,10005.0,25.0,,,10000.0,96.0
220,1,7300,SQUID_INK,1858.0,26.0,,,,,1861.0,26.0,,,,,1859.5,0.0
221,1,7300,KELP,2032.0,26.0,,,,,2035.0,26.0,,,,,2033.5,0.2283935546875
222,1,7400,RAINFOREST_RESIN,10002.0,1.0,9995.0,22.0,,,10005.0,22.0,,,,,10003.5,96.0
223,1,7400,SQUID_INK,1859.0,22.0,,,,,1862.0,22.0,,,,,1860.5,0.0
224,1,7400,KELP,2032.0,22.0,,,,,2035.0,22.0,,,,,2033.5,0.2691650390625
225,1,7500,KELP,2032.0,29.0,,,,,2034.0,3.0,2035.0,29.0,,,2033.0,0.3394775390625
226,1,7500,RAINFOREST_RESIN,9995.0,29.0,,,,,10005.0,29.0,,,,,10000.0,98.0
227,1,7500,SQUID_INK,1858.0,29.0,,,,,1860.0,3.0,1862.0,29.0,,,1859.0,0.0
228,1,7600,SQUID_INK,1859.0,27.0,,,,,1862.0,27.0,,,,,1860.5,0.0
229,1,7600,KELP,2032.0,27.0,,,,,2035.0,27.0,,,,,2033.5,0.2890625
230,1,7600,RAINFOREST_RESIN,10002.0,1.0,9995.0,27.0,,,10005.0,27.0,,,,,10003.5,98.0
231,1,7700,RAINFOREST_RESIN,9996.0,1.0,9995.0,25.0,,,10002.0,5.0,10004.0,1.0,10005.0,25.0,9999.0,100.0
232,1,7700,SQUID_INK,1858.0,26.0,,,,,1861.0,1.0,1862.0,25.0,,,1859.5,0.0
233,1,7700,KELP,2032.0,26.0,,,,,2035.0,26.0,,,,,2033.5,0.289306640625
234,1,7800,RAINFOREST_RESIN,9995.0,23.0,,,,,10005.0,23.0,,,,,10000.0,100.0
235,1,7800,SQUID_INK,1859.0,1.0,1858.0,23.0,,,1861.0,23.0,,,,,1860.0,0.0
236,1,7800,KELP,2032.0,24.0,,,,,2035.0,23.0,,,,,2033.5,0.27001953125
237,1,7900,KELP,2032.0,24.0,,,,,2035.0,24.0,,,,,2033.5,0.3101806640625
238,1,7900,RAINFOREST_RESIN,9996.0,2.0,9995.0,22.0,,,10002.0,7.0,10004.0,2.0,10005.0,22.0,9999.0,100.0
239,1,7900,SQUID_INK,1858.0,2.0,1857.0,22.0,,,1861.0,24.0,,,,,1859.5,0.0
240,1,8000,SQUID_INK,1858.0,1.0,1857.0,3.0,1856.0,30.0,1859.0,30.0,,,,,1858.5,0.0
241,1,8000,KELP,2034.0,1.0,2033.0,3.0,2032.0,30.0,2035.0,30.0,,,,,2034.5,0.265869140625
242,1,8000,RAINFOREST_RESIN,10000.0,3.0,9996.0,2.0,9995.0,28.0,10004.0,2.0,10005.0,28.0,,,10002.0,100.0
243,1,8100,SQUID_INK,1858.0,25.0,,,,,1861.0,25.0,,,,,1859.5,0.0
244,1,8100,KELP,2032.0,25.0,,,,,2035.0,25.0,,,,,2033.5,0.4195556640625
245,1,8100,RAINFOREST_RESIN,9995.0,25.0,,,,,10005.0,25.0,,,,,10000.0,100.0
246,1,8200,SQUID_INK,1857.0,27.0,,,,,1860.0,27.0,,,,,1858.5,0.0
247,1,8200,RAINFOREST_RESIN,9996.0,2.0,9995.0,25.0,,,10004.0,2.0,10005.0,25.0,,,10000.0,100.0
248,1,8200,KELP,2032.0,27.0,,,,,2035.0,27.0,,,,,2033.5,0.42919921875
249,1,8300,KELP,2032.0,28.0,,,,,2035.0,28.0,,,,,2033.5,0.34814453125
250,1,8300,RAINFOREST_RESIN,9998.0,9.0,9995.0,28.0,,,10005.0,28.0,,,,,10001.5,100.0
251,1,8300,SQUID_INK,1857.0,28.0,,,,,1860.0,28.0,,,,,1858.5,0.0
252,1,8400,SQUID_INK,1857.0,29.0,,,,,1860.0,29.0,,,,,1858.5,0.0
253,1,8400,RAINFOREST_RESIN,9998.0,5.0,9995.0,29.0,,,10005.0,29.0,,,,,10001.5,100.0
254,1,8400,KELP,2032.0,29.0,,,,,2035.0,29.0,,,,,2033.5,0.24755859375
255,1,8500,SQUID_INK,1858.0,35.0,,,,,1861.0,27.0,,,,,1859.5,0.0
256,1,8500,KELP,2032.0,35.0,,,,,2035.0,27.0,,,,,2033.5,0.22802734375
257,1,8500,RAINFOREST_RESIN,9996.0,2.0,9995.0,25.0,,,10004.0,2.0,10005.0,25.0,,,10000.0,100.0
258,1,8600,SQUID_INK,1857.0,29.0,,,,,1860.0,29.0,,,,,1858.5,0.0
259,1,8600,RAINFOREST_RESIN,9996.0,2.0,9995.0,27.0,,,10004.0,2.0,10005.0,27.0,,,10000.0,100.0
260,1,8600,KELP,2032.0,29.0,,,,,2035.0,29.0,,,,,2033.5,0.2379150390625
261,1,8700,KELP,2034.0,1.0,2032.0,32.0,,,2035.0,24.0,,,,,2034.5,0.2379150390625
262,1,8700,SQUID_INK,1858.0,1.0,1857.0,8.0,1856.0,24.0,1859.0,2.0,1860.0,22.0,,,1858.5,0.0
263,1,8700,RAINFOREST_RESIN,9996.0,2.0,9995.0,22.0,,,10004.0,2.0,10005.0,22.0,,,10000.0,100.0
264,1,8800,RAINFOREST_RESIN,9996.0,1.0,9995.0,30.0,,,10004.0,1.0,10005.0,30.0,,,10000.0,100.0
265,1,8800,KELP,2032.0,31.0,,,,,2035.0,1.0,2036.0,30.0,,,2033.5,0.1767578125
266,1,8800,SQUID_INK,1857.0,31.0,,,,,1860.0,31.0,,,,,1858.5,0.0
267,1,8900,KELP,2032.0,28.0,,,,,2036.0,26.0,,,,,2034.0,0.18701171875
268,1,8900,SQUID_INK,1856.0,28.0,,,,,1859.0,26.0,,,,,1857.5,0.0
269,1,8900,RAINFOREST_RESIN,9995.0,26.0,,,,,10005.0,26.0,,,,,10000.0,100.0
270,1,9000,SQUID_INK,1856.0,23.0,,,,,1859.0,23.0,,,,,1857.5,0.0
271,1,9000,RAINFOREST_RESIN,9995.0,23.0,,,,,10005.0,23.0,,,,,10000.0,100.0
272,1,9000,KELP,2032.0,23.0,,,,,2036.0,23.0,,,,,2034.0,0.166259765625
273,1,9100,KELP,2033.0,5.0,2032.0,22.0,,,2036.0,22.0,,,,,2034.5,0.107666015625
274,1,9100,SQUID_INK,1855.0,27.0,,,,,1858.0,22.0,,,,,1856.5,0.0
275,1,9100,RAINFOREST_RESIN,9995.0,22.0,,,,,9998.0,1.0,10005.0,22.0,,,9996.5,100.0
276,1,9200,RAINFOREST_RESIN,9996.0,2.0,9995.0,25.0,,,10004.0,2.0,10005.0,25.0,,,10000.0,102.0
277,1,9200,KELP,2033.0,3.0,2032.0,27.0,,,2036.0,27.0,,,,,2034.5,0.115478515625
278,1,9200,SQUID_INK,1855.0,30.0,,,,,1858.0,27.0,,,,,1856.5,0.0
279,1,9300,KELP,2032.0,30.0,,,,,2036.0,30.0,,,,,2034.0,0.0250244140625
280,1,9300,SQUID_INK,1854.0,30.0,,,,,1857.0,30.0,,,,,1855.5,0.0
281,1,9300,RAINFOREST_RESIN,10002.0,11.0,9998.0,1.0,9996.0,1.0,10004.0,1.0,10005.0,29.0,,,10003.0,102.0
282,1,9400,SQUID_INK,1855.0,33.0,,,,,1858.0,30.0,,,,,1856.5,0.0
283,1,9400,RAINFOREST_RESIN,10002.0,1.0,9996.0,2.0,9995.0,28.0,10004.0,2.0,10005.0,28.0,,,10003.0,124.0
284,1,9400,KELP,2033.0,3.0,2032.0,30.0,,,2036.0,30.0,,,,,2034.5,0.0152587890625
285,1,9500,KELP,2032.0,26.0,,,,,2036.0,26.0,,,,,2034.0,0.00732421875
286,1,9500,SQUID_INK,1853.0,26.0,,,,,1856.0,26.0,,,,,1854.5,0.0
287,1,9500,RAINFOREST_RESIN,10002.0,1.0,9996.0,2.0,9995.0,24.0,10004.0,2.0,10005.0,24.0,,,10003.0,126.0
288,1,9600,RAINFOREST_RESIN,9996.0,1.0,9995.0,20.0,,,10002.0,6.0,10004.0,1.0,10005.0,20.0,9999.0,128.0
289,1,9600,KELP,2032.0,21.0,,,,,2036.0,21.0,,,,,2034.0,0.0574951171875
290,1,9600,SQUID_INK,1855.0,21.0,,,,,1858.0,21.0,,,,,1856.5,0.0
291,1,9700,SQUID_INK,1855.0,31.0,,,,,1856.0,5.0,1857.0,5.0,1858.0,31.0,1855.5,0.0
292,1,9700,KELP,2032.0,31.0,,,,,2034.0,10.0,2036.0,31.0,,,2033.0,-0.04248046875
293,1,9700,RAINFOREST_RESIN,9996.0,1.0,9995.0,30.0,,,10000.0,4.0,10004.0,1.0,10005.0,30.0,9998.0,128.0
294,1,9800,SQUID_INK,1855.0,26.0,,,,,1858.0,26.0,,,,,1856.5,0.0
295,1,9800,RAINFOREST_RESIN,9998.0,1.0,9996.0,2.0,9995.0,24.0,10004.0,2.0,10005.0,24.0,,,10001.0,128.0
296,1,9800,KELP,2032.0,26.0,,,,,2036.0,26.0,,,,,2034.0,-0.0111083984375
297,1,9900,SQUID_INK,1858.0,24.0,,,,,1861.0,24.0,,,,,1859.5,0.0
298,1,9900,KELP,2032.0,24.0,,,,,2036.0,24.0,,,,,2034.0,-0.0633544921875
299,1,9900,RAINFOREST_RESIN,9995.0,24.0,,,,,10005.0,24.0,,,,,10000.0,128.0
300,1,10000,RAINFOREST_RESIN,9995.0,27.0,,,,,10005.0,27.0,,,,,10000.0,128.0
301,1,10000,KELP,2032.0,27.0,,,,,2036.0,27.0,,,,,2034.0,-0.20654296875
302,1,10000,SQUID_INK,1856.0,27.0,,,,,1859.0,27.0,,,,,1857.5,0.0
303,1,10100,SQUID_INK,1857.0,21.0,,,,,1859.0,5.0,1860.0,21.0,,,1858.0,0.0
304,1,10100,KELP,2033.0,21.0,,,,,2035.0,5.0,2036.0,21.0,,,2034.0,-0.280029296875
305,1,10100,RAINFOREST_RESIN,10002.0,4.0,9996.0,1.0,9995.0,20.0,10004.0,1.0,10005.0,20.0,,,10003.0,128.0
306,1,10200,SQUID_INK,1857.0,20.0,,,,,1860.0,20.0,,,,,1858.5,0.0
307,1,10200,RAINFOREST_RESIN,9995.0,20.0,,,,,10005.0,20.0,,,,,10000.0,136.0
308,1,10200,KELP,2033.0,20.0,,,,,2036.0,20.0,,,,,2034.5,-0.2230224609375
309,1,10300,SQUID_INK,1858.0,30.0,,,,,1861.0,25.0,,,,,1859.5,0.0
310,1,10300,KELP,2033.0,30.0,,,,,2036.0,25.0,,,,,2034.5,-0.2628173828125
311,1,10300,RAINFOREST_RESIN,9996.0,1.0,9995.0,24.0,,,10004.0,1.0,10005.0,24.0,,,10000.0,136.0
312,1,10400,RAINFOREST_RESIN,9995.0,25.0,,,,,10005.0,25.0,,,,,10000.0,136.0
313,1,10400,KELP,2033.0,25.0,,,,,2036.0,25.0,,,,,2034.5,-0.3443603515625
314,1,10400,SQUID_INK,1856.0,25.0,,,,,1859.0,25.0,,,,,1857.5,0.0
315,1,10500,SQUID_INK,1856.0,34.0,,,,,1859.0,26.0,,,,,1857.5,0.0
316,1,10500,KELP,2033.0,34.0,,,,,2036.0,26.0,,,,,2034.5,-0.3248291015625
317,1,10500,RAINFOREST_RESIN,9995.0,26.0,,,,,10005.0,26.0,,,,,10000.0,136.0
318,1,10600,SQUID_INK,1858.0,3.0,1856.0,20.0,,,1859.0,20.0,,,,,1858.5,0.0
319,1,10600,RAINFOREST_RESIN,9995.0,20.0,,,,,10005.0,20.0,,,,,10000.0,136.0
320,1,10600,KELP,2035.0,3.0,2033.0,20.0,,,2036.0,20.0,,,,,2035.5,-0.3353271484375
321,1,10700,SQUID_INK,1857.0,31.0,,,,,1860.0,24.0,,,,,1858.5,0.0
322,1,10700,KELP,2033.0,31.0,,,,,2036.0,24.0,,,,,2034.5,-0.3760986328125
323,1,10700,RAINFOREST_RESIN,9995.0,24.0,,,,,9998.0,3.0,10005.0,24.0,,,9996.5,136.0
324,1,10800,RAINFOREST_RESIN,9995.0,23.0,,,,,10002.0,1.0,10005.0,23.0,,,9998.5,142.0
325,1,10800,KELP,2033.0,29.0,,,,,2036.0,23.0,,,,,2034.5,-0.3365478515625
326,1,10800,SQUID_INK,1857.0,6.0,1856.0,23.0,,,1859.0,23.0,,,,,1858.0,0.0
327,1,10900,KELP,2033.0,23.0,,,,,2034.0,6.0,2036.0,23.0,,,2033.5,-0.325439453125
328,1,10900,SQUID_INK,1860.0,1.0,1859.0,22.0,,,1861.0,6.0,1863.0,23.0,,,1860.5,0.0
329,1,10900,RAINFOREST_RESIN,9996.0,1.0,9995.0,22.0,,,10000.0,6.0,10004.0,1.0,10005.0,22.0,9998.0,142.0
330,1,11000,KELP,2033.0,27.0,,,,,2035.0,2.0,2036.0,27.0,,,2034.0,1.4765625
331,1,11000,SQUID_INK,1864.0,1.0,1863.0,26.0,,,1865.0,2.0,1867.0,27.0,,,1864.5,0.0
332,1,11000,RAINFOREST_RESIN,9996.0,1.0,9995.0,26.0,,,10004.0,1.0,10005.0,26.0,,,10000.0,142.0
333,1,11100,SQUID_INK,1864.0,32.0,,,,,1867.0,31.0,,,,,1865.5,0.0
334,1,11100,RAINFOREST_RESIN,9996.0,1.0,9995.0,30.0,,,10002.0,1.0,10004.0,1.0,10005.0,30.0,9999.0,142.0
335,1,11100,KELP,2033.0,2.0,2032.0,30.0,,,2036.0,31.0,,,,,2034.5,1.0244140625
336,1,11200,RAINFOREST_RESIN,9996.0,2.0,9995.0,28.0,,,10004.0,2.0,10005.0,28.0,,,10000.0,142.0
337,1,11200,KELP,2032.0,30.0,,,,,2034.0,5.0,2036.0,30.0,,,2033.0,0.5732421875
338,1,11200,SQUID_INK,1863.0,30.0,,,,,1865.0,5.0,1866.0,30.0,,,1864.0,0.0
339,1,11300,KELP,2033.0,2.0,2032.0,25.0,,,2036.0,27.0,,,,,2034.5,0.6748046875
340,1,11300,SQUID_INK,1862.0,27.0,,,,,1865.0,27.0,,,,,1863.5,0.0
341,1,11300,RAINFOREST_RESIN,9996.0,2.0,9995.0,25.0,,,10002.0,2.0,10004.0,2.0,10005.0,25.0,9999.0,142.0
342,1,11400,KELP,2032.0,30.0,,,,,2036.0,30.0,,,,,2034.0,1.0771484375
343,1,11400,SQUID_INK,1858.0,30.0,,,,,1861.0,30.0,,,,,1859.5,0.0
344,1,11400,RAINFOREST_RESIN,9995.0,30.0,,,,,10005.0,30.0,,,,,10000.0,142.0
345,1,11500,SQUID_INK,1856.0,29.0,,,,,1858.0,5.0,1860.0,29.0,,,1857.0,0.0
346,1,11500,RAINFOREST_RESIN,9996.0,1.0,9995.0,28.0,,,10004.0,1.0,10005.0,28.0,,,10000.0,142.0
347,1,11500,KELP,2033.0,29.0,,,,,2035.0,5.0,2036.0,29.0,,,2034.0,1.173828125
348,1,11600,RAINFOREST_RESIN,9996.0,2.0,9995.0,22.0,,,10004.0,2.0,10005.0,22.0,,,10000.0,142.0
349,1,11600,KELP,2033.0,2.0,2032.0,22.0,,,2035.0,7.0,2036.0,24.0,,,2034.0,0.970703125
350,1,11600,SQUID_INK,1858.0,24.0,,,,,1860.0,7.0,1861.0,24.0,,,1859.0,0.0
351,1,11700,KELP,2034.0,4.0,2033.0,2.0,2032.0,20.0,2036.0,22.0,,,,,2035.0,0.9189453125
352,1,11700,SQUID_INK,1858.0,4.0,1857.0,22.0,,,1860.0,22.0,,,,,1859.0,0.0
353,1,11700,RAINFOREST_RESIN,10000.0,4.0,9996.0,2.0,9995.0,20.0,10004.0,2.0,10005.0,20.0,,,10002.0,142.0
354,1,11800,KELP,2033.0,1.0,2032.0,21.0,,,2036.0,22.0,,,,,2034.5,0.71484375
355,1,11800,SQUID_INK,1857.0,22.0,,,,,1860.0,22.0,,,,,1858.5,0.0
356,1,11800,RAINFOREST_RESIN,9998.0,10.0,9996.0,1.0,9995.0,21.0,10004.0,1.0,10005.0,21.0,,,10001.0,142.0
357,1,11900,SQUID_INK,1857.0,4.0,1856.0,23.0,,,1859.0,23.0,,,,,1858.0,0.0
358,1,11900,RAINFOREST_RESIN,10002.0,1.0,10000.0,4.0,9998.0,1.0,10004.0,1.0,10005.0,22.0,,,10003.0,142.0
359,1,11900,KELP,2034.0,4.0,2032.0,23.0,,,2036.0,23.0,,,,,2035.0,0.36328125
360,1,12000,RAINFOREST_RESIN,9996.0,1.0,9995.0,27.0,,,10004.0,1.0,10005.0,27.0,,,10000.0,144.0
361,1,12000,KELP,2033.0,1.0,2032.0,27.0,,,2036.0,28.0,,,,,2034.5,0.818359375
362,1,12000,SQUID_INK,1855.0,28.0,,,,,1858.0,28.0,,,,,1856.5,0.0
363,1,12100,KELP,2032.0,25.0,,,,,2036.0,25.0,,,,,2034.0,0.5166015625
364,1,12100,SQUID_INK,1853.0,25.0,,,,,1856.0,25.0,,,,,1854.5,0.0
365,1,12100,RAINFOREST_RESIN,9996.0,2.0,9995.0,23.0,,,9998.0,8.0,10004.0,2.0,10005.0,23.0,9997.0,144.0
366,1,12200,KELP,2032.0,25.0,,,,,2036.0,25.0,,,,,2034.0,0.115234375
367,1,12200,SQUID_INK,1855.0,25.0,,,,,1859.0,25.0,,,,,1857.0,0.0
368,1,12200,RAINFOREST_RESIN,9996.0,2.0,9995.0,23.0,,,10004.0,2.0,10005.0,23.0,,,10000.0,160.0
369,1,12300,SQUID_INK,1856.0,29.0,,,,,1859.0,25.0,,,,,1857.5,0.0
370,1,12300,RAINFOREST_RESIN,9996.0,1.0,9995.0,24.0,,,10002.0,3.0,10004.0,1.0,10005.0,24.0,9999.0,160.0
371,1,12300,KELP,2032.0,29.0,,,,,2035.0,25.0,,,,,2033.5,-1.1044921875
372,1,12400,RAINFOREST_RESIN,10002.0,1.0,9998.0,5.0,9995.0,29.0,10005.0,29.0,,,,,10003.5,160.0
373,1,12400,KELP,2032.0,29.0,,,,,2036.0,29.0,,,,,2034.0,-0.126953125
374,1,12400,SQUID_INK,1857.0,29.0,,,,,1860.0,29.0,,,,,1858.5,0.0
375,1,12500,KELP,2033.0,3.0,2032.0,23.0,,,2035.0,1.0,2036.0,22.0,,,2034.0,-0.9296875
376,1,12500,SQUID_INK,1858.0,3.0,1857.0,23.0,,,1860.0,23.0,,,,,1859.0,0.0
377,1,12500,RAINFOREST_RESIN,10000.0,3.0,9996.0,1.0,9995.0,22.0,10004.0,1.0,10005.0,22.0,,,10002.0,162.0
378,1,12600,KELP,2033.0,4.0,2032.0,26.0,,,2036.0,26.0,,,,,2034.5,-0.2744140625
379,1,12600,SQUID_INK,1859.0,4.0,1858.0,26.0,,,1861.0,26.0,,,,,1860.0,0.0
380,1,12600,RAINFOREST_RESIN,10000.0,4.0,9995.0,26.0,,,10005.0,26.0,,,,,10002.5,162.0
381,1,12700,SQUID_INK,1856.0,28.0,,,,,1859.0,28.0,,,,,1857.5,0.0
382,1,12700,RAINFOREST_RESIN,10002.0,1.0,9996.0,1.0,9995.0,27.0,10004.0,1.0,10005.0,27.0,,,10003.0,162.0
383,1,12700,KELP,2032.0,28.0,,,,,2035.0,28.0,,,,,2033.5,-1.1279296875
384,1,12800,RAINFOREST_RESIN,10000.0,4.0,9996.0,2.0,9995.0,28.0,10002.0,9.0,10004.0,2.0,10005.0,28.0,10001.0,164.0
385,1,12800,KELP,2033.0,4.0,2032.0,30.0,,,2035.0,2.0,2036.0,28.0,,,2034.0,-1.0302734375
386,1,12800,SQUID_INK,1854.0,4.0,1853.0,30.0,,,1856.0,30.0,,,,,1855.0,0.0
387,1,12900,KELP,2032.0,23.0,,,,,2034.0,2.0,2035.0,2.0,2036.0,21.0,2033.0,-1.080078125
388,1,12900,SQUID_INK,1853.0,23.0,,,,,1855.0,2.0,1856.0,23.0,,,1854.0,0.0
389,1,12900,RAINFOREST_RESIN,9996.0,2.0,9995.0,21.0,,,10002.0,4.0,10004.0,2.0,10005.0,21.0,9999.0,164.0
390,1,13000,KELP,2032.0,32.0,,,,,2035.0,32.0,,,,,2033.5,-1.12890625
391,1,13000,SQUID_INK,1851.0,32.0,,,,,1854.0,2.0,1855.0,30.0,,,1852.5,0.0
392,1,13000,RAINFOREST_RESIN,9996.0,2.0,9995.0,30.0,,,10002.0,2.0,10004.0,2.0,10005.0,30.0,9999.0,164.0
393,1,13100,RAINFOREST_RESIN,9995.0,21.0,,,,,10000.0,2.0,10005.0,21.0,,,9997.5,164.0
394,1,13100,SQUID_INK,1851.0,21.0,,,,,1852.0,2.0,1854.0,21.0,,,1851.5,0.0
395,1,13100,KELP,2032.0,21.0,,,,,2033.0,2.0,2036.0,21.0,,,2032.5,-1.083984375
396,1,13200,RAINFOREST_RESIN,9998.0,9.0,9996.0,2.0,9995.0,29.0,10004.0,2.0,10005.0,29.0,,,10001.0,164.0
397,1,13200,KELP,2034.0,1.0,2032.0,38.0,,,2035.0,2.0,2036.0,29.0,,,2034.5,-1.083984375
398,1,13200,SQUID_INK,1852.0,1.0,1850.0,38.0,,,1853.0,31.0,,,,,1852.5,0.0
399,1,13300,KELP,2032.0,23.0,,,,,2035.0,1.0,2036.0,22.0,,,2033.5,-0.66259765625
400,1,13300,RAINFOREST_RESIN,10002.0,2.0,9996.0,1.0,9995.0,22.0,10004.0,1.0,10005.0,22.0,,,10003.0,164.0
401,1,13300,SQUID_INK,1851.0,23.0,,,,,1854.0,23.0,,,,,1852.5,0.0
402,1,13400,KELP,2032.0,26.0,,,,,2035.0,26.0,,,,,2033.5,-0.94873046875
403,1,13400,SQUID_INK,1852.0,26.0,,,,,1855.0,26.0,,,,,1853.5,0.0
404,1,13400,RAINFOREST_RESIN,9995.0,26.0,,,,,10005.0,26.0,,,,,10000.0,168.0
405,1,13500,RAINFOREST_RESIN,9996.0,1.0,9995.0,24.0,,,10004.0,1.0,10005.0,24.0,,,10000.0,168.0
406,1,13500,SQUID_INK,1853.0,25.0,,,,,1856.0,25.0,,,,,1854.5,0.0
407,1,13500,KELP,2032.0,25.0,,,,,2035.0,25.0,,,,,2033.5,-1.02978515625
408,1,13600,RAINFOREST_RESIN,9996.0,2.0,9995.0,24.0,,,10002.0,6.0,10004.0,2.0,10005.0,24.0,9999.0,168.0
409,1,13600,KELP,2032.0,26.0,,,,,2034.0,3.0,2035.0,26.0,,,2033.0,-1.06982421875
410,1,13600,SQUID_INK,1849.0,26.0,,,,,1851.0,3.0,1852.0,26.0,,,1850.0,0.0
411,1,13700,KELP,2032.0,28.0,,,,,2035.0,28.0,,,,,2033.5,-1.11181640625
412,1,13700,RAINFOREST_RESIN,10002.0,1.0,9995.0,28.0,,,10005.0,28.0,,,,,10003.5,168.0
413,1,13700,SQUID_INK,1847.0,28.0,,,,,1850.0,28.0,,,,,1848.5,0.0
414,1,13800,KELP,2032.0,23.0,,,,,2035.0,23.0,,,,,2033.5,-1.15625
415,1,13800,SQUID_INK,1846.0,23.0,,,,,1850.0,23.0,,,,,1848.0,0.0
416,1,13800,RAINFOREST_RESIN,9998.0,1.0,9995.0,23.0,,,10005.0,23.0,,,,,10001.5,170.0
417,1,13900,RAINFOREST_RESIN,9996.0,1.0,9995.0,20.0,,,10004.0,1.0,10005.0,20.0,,,10000.0,170.0
418,1,13900,SQUID_INK,1849.0,18.0,,,,,1852.0,21.0,,,,,1850.5,0.0
419,1,13900,KELP,2032.0,21.0,,,,,2033.0,3.0,2035.0,21.0,,,2032.5,-1.31982421875
420,1,14000,RAINFOREST_RESIN,10002.0,6.0,9998.0,1.0,9996.0,1.0,10004.0,1.0,10005.0,28.0,,,10003.0,170.0
421,1,14000,KELP,2032.0,31.0,,,,,2035.0,29.0,,,,,2033.5,-1.115234375
422,1,14000,SQUID_INK,1852.0,3.0,1851.0,28.0,,,1855.0,29.0,,,,,1853.5,0.0
423,1,14100,KELP,2032.0,22.0,,,,,2035.0,22.0,,,,,2033.5,-1.24072265625
424,1,14100,RAINFOREST_RESIN,9996.0,2.0,9995.0,20.0,,,10002.0,4.0,10004.0,2.0,10005.0,20.0,9999.0,182.0
425,1,14100,SQUID_INK,1851.0,22.0,,,,,1854.0,22.0,,,,,1852.5,0.0
426,1,14200,SQUID_INK,1852.0,21.0,,,,,1855.0,21.0,,,,,1853.5,0.0
427,1,14200,KELP,2032.0,21.0,,,,,2035.0,21.0,,,,,2033.5,-1.15966796875
428,1,14200,RAINFOREST_RESIN,9995.0,21.0,,,,,10005.0,21.0,,,,,10000.0,182.0
429,1,14300,RAINFOREST_RESIN,9996.0,1.0,9995.0,21.0,,,10004.0,1.0,10005.0,21.0,,,10000.0,182.0
430,1,14300,SQUID_INK,1849.0,22.0,,,,,1852.0,22.0,,,,,1850.5,0.0
431,1,14300,KELP,2032.0,22.0,,,,,2035.0,1.0,2036.0,21.0,,,2033.5,-0.71337890625
432,1,14400,RAINFOREST_RESIN,10002.0,4.0,9996.0,2.0,9995.0,21.0,10004.0,2.0,10005.0,21.0,,,10003.0,182.0
433,1,14400,SQUID_INK,1853.0,22.0,,,,,1856.0,23.0,,,,,1854.5,0.0
434,1,14400,KELP,2032.0,22.0,,,,,2036.0,23.0,,,,,2034.0,-0.4658203125
435,1,14500,KELP,2032.0,29.0,,,,,2034.0,6.0,2035.0,1.0,2036.0,28.0,2033.0,-0.748046875
436,1,14500,RAINFOREST_RESIN,9996.0,1.0,9995.0,28.0,,,10002.0,10.0,10004.0,1.0,10005.0,28.0,9999.0,190.0
437,1,14500,SQUID_INK,1852.0,1.0,1851.0,28.0,,,1853.0,6.0,1855.0,29.0,,,1852.5,0.0
438,1,14600,SQUID_INK,1848.0,28.0,,,,,1849.0,3.0,1851.0,28.0,,,1848.5,0.0
439,1,14600,KELP,2032.0,28.0,,,,,2033.0,3.0,2035.0,1.0,2036.0,27.0,2032.5,-0.58837890625
440,1,14600,RAINFOREST_RESIN,9996.0,1.0,9995.0,27.0,,,10004.0,1.0,10005.0,27.0,,,10000.0,190.0
441,1,14700,RAINFOREST_RESIN,9996.0,1.0,9995.0,23.0,,,10004.0,1.0,10005.0,23.0,,,10000.0,190.0
442,1,14700,SQUID_INK,1850.0,24.0,,,,,1852.0,2.0,1853.0,24.0,,,1851.0,0.0
443,1,14700,KELP,2032.0,24.0,,,,,2034.0,2.0,2035.0,1.0,2036.0,23.0,2033.0,-0.50634765625
444,1,14800,RAINFOREST_RESIN,9996.0,1.0,9995.0,30.0,,,9998.0,1.0,10004.0,1.0,10005.0,30.0,9997.0,190.0
445,1,14800,SQUID_INK,1849.0,31.0,,,,,1851.0,3.0,1852.0,1.0,1853.0,30.0,1850.0,0.0
446,1,14800,KELP,2032.0,31.0,,,,,2034.0,3.0,2036.0,31.0,,,2033.0,-0.466796875
447,1,14900,KELP,2034.0,4.0,2032.0,26.0,,,2035.0,1.0,2036.0,25.0,,,2034.5,-0.7939453125
448,1,14900,RAINFOREST_RESIN,9996.0,1.0,9995.0,25.0,,,10002.0,1.0,10004.0,1.0,10005.0,25.0,9999.0,192.0
449,1,14900,SQUID_INK,1853.0,4.0,1851.0,26.0,,,1854.0,26.0,,,,,1853.5,0.0
450,1,15000,SQUID_INK,1849.0,6.0,1848.0,25.0,,,1852.0,27.0,,,,,1850.5,0.0
451,1,15000,KELP,2033.0,4.0,2032.0,27.0,,,2035.0,2.0,2036.0,25.0,,,2034.0,-0.509765625
452,1,15000,RAINFOREST_RESIN,9996.0,2.0,9995.0,25.0,,,10004.0,2.0,10005.0,25.0,,,10000.0,192.0
453,1,15100,RAINFOREST_RESIN,9996.0,1.0,9995.0,20.0,,,9998.0,1.0,10004.0,1.0,10005.0,20.0,9997.0,192.0
454,1,15100,SQUID_INK,1850.0,21.0,,,,,1853.0,21.0,,,,,1851.5,0.0
455,1,15100,KELP,2032.0,21.0,,,,,2035.0,1.0,2036.0,20.0,,,2033.5,-0.591796875
456,1,15200,RAINFOREST_RESIN,10000.0,4.0,9996.0,2.0,9995.0,21.0,10002.0,4.0,10004.0,2.0,10005.0,21.0,10001.0,194.0
457,1,15200,SQUID_INK,1849.0,4.0,1848.0,27.0,,,1851.0,23.0,,,,,1850.0,0.0
458,1,15200,KELP,2033.0,8.0,2032.0,23.0,,,2035.0,2.0,2036.0,21.0,,,2034.0,-0.55419921875
459,1,15300,KELP,2032.0,24.0,,,,,2034.0,6.0,2035.0,2.0,2036.0,22.0,2033.0,-0.513671875
460,1,15300,RAINFOREST_RESIN,9996.0,2.0,9995.0,22.0,,,10002.0,7.0,10004.0,2.0,10005.0,22.0,9999.0,194.0
461,1,15300,SQUID_INK,1850.0,24.0,,,,,1852.0,6.0,1853.0,24.0,,,1851.0,0.0
462,1,15400,SQUID_INK,1847.0,30.0,,,,,1850.0,30.0,,,,,1848.5,0.0
463,1,15400,KELP,2032.0,30.0,,,,,2036.0,30.0,,,,,2034.0,-0.7587890625
464,1,15400,RAINFOREST_RESIN,9995.0,30.0,,,,,10005.0,30.0,,,,,10000.0,194.0
465,1,15500,RAINFOREST_RESIN,9995.0,25.0,,,,,9998.0,11.0,10005.0,25.0,,,9996.5,194.0
466,1,15500,SQUID_INK,1850.0,25.0,,,,,1853.0,25.0,,,,,1851.5,0.0
467,1,15500,KELP,2032.0,25.0,,,,,2036.0,25.0,,,,,2034.0,-0.35498046875
468,1,15600,RAINFOREST_RESIN,9996.0,1.0,9995.0,22.0,,,10004.0,1.0,10005.0,22.0,,,10000.0,216.0
469,1,15600,SQUID_INK,1846.0,23.0,,,,,1849.0,23.0,,,,,1847.5,0.0
470,1,15600,KELP,2032.0,23.0,,,,,2036.0,23.0,,,,,2034.0,0.455078125
471,1,15700,KELP,2033.0,2.0,2032.0,28.0,,,2034.0,1.0,2036.0,30.0,,,2033.5,0.53271484375
472,1,15700,RAINFOREST_RESIN,9996.0,2.0,9995.0,28.0,,,10004.0,2.0,10005.0,28.0,,,10000.0,216.0
473,1,15700,SQUID_INK,1847.0,30.0,,,,,1849.0,1.0,1850.0,30.0,,,1848.0,0.0
474,1,15800,SQUID_INK,1851.0,32.0,,,,,1854.0,28.0,,,,,1852.5,0.0
475,1,15800,KELP,2033.0,6.0,2032.0,26.0,,,2036.0,28.0,,,,,2034.5,0.490234375
476,1,15800,RAINFOREST_RESIN,9998.0,6.0,9996.0,2.0,9995.0,26.0,10004.0,2.0,10005.0,26.0,,,10001.0,216.0
477,1,15900,RAINFOREST_RESIN,9996.0,1.0,9995.0,20.0,,,10002.0,8.0,10004.0,1.0,10005.0,20.0,9999.0,216.0
478,1,15900,SQUID_INK,1853.0,21.0,,,,,1854.0,3.0,1856.0,21.0,,,1853.5,0.0
479,1,15900,KELP,2032.0,21.0,,,,,2033.0,3.0,2036.0,21.0,,,2032.5,0.287109375
480,1,16000,RAINFOREST_RESIN,9996.0,2.0,9995.0,20.0,,,10004.0,2.0,10005.0,20.0,,,10000.0,216.0
481,1,16000,SQUID_INK,1856.0,22.0,,,,,1858.0,4.0,1859.0,22.0,,,1857.0,0.0
482,1,16000,KELP,2032.0,22.0,,,,,2034.0,4.0,2036.0,22.0,,,2033.0,0.24951171875
483,1,16100,KELP,2032.0,26.0,,,,,2033.0,1.0,2034.0,8.0,2036.0,27.0,2032.5,0.7001953125
484,1,16100,RAINFOREST_RESIN,9996.0,1.0,9995.0,26.0,,,10004.0,1.0,10005.0,26.0,,,10000.0,216.0
485,1,16100,SQUID_INK,1856.0,27.0,,,,,1857.0,2.0,1858.0,8.0,1859.0,27.0,1856.5,0.0
486,1,16200,SQUID_INK,1853.0,26.0,,,,,1856.0,27.0,,,,,1854.5,0.0
487,1,16200,KELP,2032.0,26.0,,,,,2036.0,27.0,,,,,2034.0,-0.43701171875
488,1,16200,RAINFOREST_RESIN,9995.0,27.0,,,,,10002.0,4.0,10005.0,27.0,,,9998.5,216.0
489,1,16300,RAINFOREST_RESIN,9996.0,1.0,9995.0,21.0,,,10004.0,1.0,10005.0,21.0,,,10000.0,216.0
490,1,16300,SQUID_INK,1850.0,22.0,,,,,1853.0,1.0,1854.0,21.0,,,1851.5,0.0
491,1,16300,KELP,2032.0,22.0,,,,,2035.0,22.0,,,,,2033.5,-1.00732421875
492,1,16400,RAINFOREST_RESIN,9996.0,2.0,9995.0,25.0,,,10002.0,6.0,10004.0,2.0,10005.0,25.0,9999.0,216.0
493,1,16400,SQUID_INK,1848.0,27.0,,,,,1850.0,7.0,1851.0,27.0,,,1849.0,0.0
494,1,16400,KELP,2032.0,27.0,,,,,2034.0,7.0,2036.0,27.0,,,2033.0,-0.26953125
495,1,16500,KELP,2032.0,22.0,,,,,2035.0,1.0,2036.0,22.0,,,2033.5,0.7802734375
496,1,16500,RAINFOREST_RESIN,9995.0,22.0,,,,,10005.0,22.0,,,,,10000.0,216.0
497,1,16500,SQUID_INK,1848.0,22.0,,,,,1849.0,1.0,1851.0,22.0,,,1848.5,0.0
498,1,16600,SQUID_INK,1848.0,7.0,1847.0,26.0,,,1850.0,26.0,,,,,1849.0,0.0
499,1,16600,KELP,2033.0,7.0,2032.0,26.0,,,2036.0,26.0,,,,,2034.5,0.58203125
500,1,16600,RAINFOREST_RESIN,9995.0,26.0,,,,,10005.0,26.0,,,,,10000.0,216.0
501,1,16700,RAINFOREST_RESIN,10002.0,1.0,9998.0,2.0,9995.0,25.0,10005.0,25.0,,,,,10003.5,216.0
502,1,16700,SQUID_INK,1842.0,25.0,,,,,1845.0,25.0,,,,,1843.5,0.0
503,1,16700,KELP,2032.0,25.0,,,,,2036.0,25.0,,,,,2034.0,0.74462890625
504,1,16800,RAINFOREST_RESIN,10000.0,2.0,9996.0,2.0,9995.0,25.0,10004.0,2.0,10005.0,25.0,,,10002.0,218.0
505,1,16800,SQUID_INK,1838.0,2.0,1837.0,27.0,,,1840.0,27.0,,,,,1839.0,0.0
506,1,16800,KELP,2034.0,2.0,2033.0,27.0,,,2036.0,27.0,,,,,2035.0,0.9873046875
507,1,16900,KELP,2033.0,2.0,2032.0,22.0,,,2036.0,24.0,,,,,2034.5,0.8681640625
508,1,16900,RAINFOREST_RESIN,9996.0,2.0,9995.0,22.0,,,10004.0,2.0,10005.0,22.0,,,10000.0,218.0
509,1,16900,SQUID_INK,1842.0,24.0,,,,,1845.0,24.0,,,,,1843.5,0.0
510,1,17000,SQUID_INK,1843.0,1.0,1842.0,26.0,,,1845.0,26.0,,,,,1844.0,0.0
511,1,17000,RAINFOREST_RESIN,9996.0,1.0,9995.0,25.0,,,10004.0,1.0,10005.0,25.0,,,10000.0,218.0
512,1,17000,KELP,2033.0,2.0,2032.0,25.0,,,2036.0,26.0,,,,,2034.5,0.8662109375
513,1,17100,SQUID_INK,1849.0,27.0,,,,,1852.0,1.0,1853.0,26.0,,,1850.5,0.0
514,1,17100,KELP,2033.0,1.0,2032.0,26.0,,,2036.0,27.0,,,,,2034.5,0.78466796875
515,1,17100,RAINFOREST_RESIN,9996.0,1.0,9995.0,26.0,,,10004.0,1.0,10005.0,26.0,,,10000.0,218.0
516,1,17200,SQUID_INK,1848.0,33.0,,,,,1851.0,28.0,,,,,1849.5,0.0
517,1,17200,RAINFOREST_RESIN,9996.0,1.0,9995.0,27.0,,,10004.0,1.0,10005.0,27.0,,,10000.0,218.0
518,1,17200,KELP,2033.0,33.0,,,,,2036.0,28.0,,,,,2034.5,0.986328125
519,1,17300,KELP,2033.0,28.0,,,,,2035.0,6.0,2036.0,28.0,,,2034.0,1.02490234375
520,1,17300,RAINFOREST_RESIN,9996.0,1.0,9995.0,27.0,,,10004.0,1.0,10005.0,27.0,,,10000.0,218.0
521,1,17300,SQUID_INK,1848.0,28.0,,,,,1850.0,6.0,1851.0,28.0,,,1849.0,0.0
522,1,17400,RAINFOREST_RESIN,9995.0,25.0,,,,,9998.0,11.0,10005.0,25.0,,,9996.5,218.0
523,1,17400,KELP,2034.0,3.0,2033.0,27.0,,,2036.0,25.0,,,,,2035.0,1.18310546875
524,1,17400,SQUID_INK,1849.0,3.0,1848.0,2.0,1847.0,25.0,1851.0,25.0,,,,,1850.0,0.0
525,1,17500,KELP,2033.0,28.0,,,,,2036.0,28.0,,,,,2034.5,1.09765625
526,1,17500,SQUID_INK,1848.0,28.0,,,,,1851.0,28.0,,,,,1849.5,0.0
527,1,17500,RAINFOREST_RESIN,9996.0,2.0,9995.0,26.0,,,10004.0,2.0,10005.0,26.0,,,10000.0,240.0
528,1,17600,SQUID_INK,1849.0,3.0,1848.0,30.0,,,1851.0,30.0,,,,,1850.0,0.0
529,1,17600,RAINFOREST_RESIN,9996.0,1.0,9995.0,29.0,,,10004.0,1.0,10005.0,29.0,,,10000.0,240.0
530,1,17600,KELP,2033.0,33.0,,,,,2036.0,30.0,,,,,2034.5,1.1005859375
531,1,17700,KELP,2033.0,22.0,,,,,2036.0,22.0,,,,,2034.5,1.09912109375
532,1,17700,SQUID_INK,1847.0,22.0,,,,,1850.0,22.0,,,,,1848.5,0.0
533,1,17700,RAINFOREST_RESIN,9998.0,2.0,9995.0,22.0,,,10005.0,22.0,,,,,10001.5,240.0
534,1,17800,RAINFOREST_RESIN,9996.0,2.0,9995.0,30.0,,,9998.0,3.0,10002.0,5.0,10004.0,2.0,9997.0,240.0
535,1,17800,KELP,2033.0,32.0,,,,,2035.0,5.0,2036.0,32.0,,,2034.0,1.26220703125
536,1,17800,SQUID_INK,1848.0,32.0,,,,,1850.0,5.0,1851.0,32.0,,,1849.0,0.0
537,1,17900,KELP,2035.0,1.0,2034.0,2.0,2033.0,21.0,2036.0,21.0,,,,,2035.5,1.220703125
538,1,17900,SQUID_INK,1849.0,1.0,1848.0,2.0,1847.0,21.0,1850.0,21.0,,,,,1849.5,0.0
539,1,17900,RAINFOREST_RESIN,9995.0,21.0,,,,,9998.0,1.0,10002.0,3.0,10005.0,21.0,9996.5,246.0
540,1,18000,SQUID_INK,1848.0,24.0,,,,,1852.0,24.0,,,,,1850.0,0.0
541,1,18000,RAINFOREST_RESIN,9995.0,24.0,,,,,10005.0,24.0,,,,,10000.0,248.0
542,1,18000,KELP,2033.0,24.0,,,,,2036.0,24.0,,,,,2034.5,1.30517578125
543,1,18100,KELP,2033.0,30.0,,,,,2036.0,30.0,,,,,2034.5,1.43017578125
544,1,18100,SQUID_INK,1842.0,30.0,,,,,1845.0,30.0,,,,,1843.5,0.0
545,1,18100,RAINFOREST_RESIN,9996.0,2.0,9995.0,28.0,,,10004.0,2.0,10005.0,28.0,,,10000.0,248.0
546,1,18200,RAINFOREST_RESIN,9996.0,2.0,9995.0,23.0,,,10002.0,10.0,10004.0,2.0,10005.0,23.0,9999.0,248.0
547,1,18200,KELP,2033.0,25.0,,,,,2036.0,25.0,,,,,2034.5,1.31005859375
548,1,18200,SQUID_INK,1840.0,25.0,,,,,1843.0,25.0,,,,,1841.5,0.0
549,1,18300,KELP,2033.0,20.0,,,,,2036.0,20.0,,,,,2034.5,1.591796875
550,1,18300,SQUID_INK,1839.0,20.0,,,,,1842.0,20.0,,,,,1840.5,0.0
551,1,18300,RAINFOREST_RESIN,9995.0,20.0,,,,,10005.0,20.0,,,,,10000.0,248.0
552,1,18400,SQUID_INK,1840.0,1.0,1839.0,1.0,1838.0,21.0,1842.0,22.0,,,,,1841.0,0.0
553,1,18400,RAINFOREST_RESIN,9996.0,1.0,9995.0,21.0,,,10004.0,1.0,10005.0,21.0,,,10000.0,248.0
554,1,18400,KELP,2035.0,1.0,2033.0,22.0,,,2036.0,22.0,,,,,2035.5,1.64111328125
555,1,18500,SQUID_INK,1840.0,22.0,,,,,1843.0,23.0,,,,,1841.5,0.0
556,1,18500,KELP,2033.0,22.0,,,,,2036.0,23.0,,,,,2034.5,1.9345703125
557,1,18500,RAINFOREST_RESIN,9996.0,2.0,9995.0,21.0,,,10004.0,2.0,10005.0,21.0,,,10000.0,248.0
558,1,18600,RAINFOREST_RESIN,9996.0,1.0,9995.0,21.0,,,10004.0,1.0,10005.0,21.0,,,10000.0,248.0
559,1,18600,KELP,2033.0,13.0,,,,,2036.0,22.0,,,,,2034.5,2.2763671875
560,1,18600,SQUID_INK,1836.0,21.0,,,,,1837.0,8.0,1840.0,22.0,,,1836.5,0.0
561,1,18700,SQUID_INK,1838.0,30.0,,,,,1841.0,30.0,,,,,1839.5,0.0
562,1,18700,KELP,2033.0,30.0,,,,,2036.0,30.0,,,,,2034.5,2.31298828125
563,1,18700,RAINFOREST_RESIN,10002.0,1.0,9995.0,30.0,,,10005.0,30.0,,,,,10003.5,248.0
564,1,18800,SQUID_INK,1836.0,24.0,,,,,1840.0,24.0,,,,,1838.0,0.0
565,1,18800,RAINFOREST_RESIN,9995.0,24.0,,,,,10002.0,7.0,10005.0,24.0,,,9998.5,250.0
566,1,18800,KELP,2033.0,24.0,,,,,2036.0,24.0,,,,,2034.5,1.85302734375
567,1,18900,SQUID_INK,1830.0,32.0,,,,,1833.0,25.0,,,,,1831.5,0.0
568,1,18900,KELP,2033.0,32.0,,,,,2036.0,25.0,,,,,2034.5,2.1865234375
569,1,18900,RAINFOREST_RESIN,10002.0,1.0,9995.0,25.0,,,10005.0,25.0,,,,,10003.5,250.0
570,1,19000,RAINFOREST_RESIN,9996.0,1.0,9995.0,30.0,,,10004.0,1.0,10005.0,30.0,,,10000.0,252.0
571,1,19000,KELP,2033.0,31.0,,,,,2036.0,31.0,,,,,2034.5,2.60205078125
572,1,19000,SQUID_INK,1828.0,31.0,,,,,1831.0,31.0,,,,,1829.5,0.0
573,1,19100,SQUID_INK,1821.0,23.0,,,,,1824.0,23.0,,,,,1822.5,0.0
574,1,19100,KELP,2033.0,23.0,,,,,2036.0,23.0,,,,,2034.5,2.37060546875
575,1,19100,RAINFOREST_RESIN,9996.0,2.0,9995.0,21.0,,,10004.0,2.0,10005.0,21.0,,,10000.0,252.0
576,1,19200,SQUID_INK,1823.0,26.0,,,,,1826.0,26.0,,,,,1824.5,0.0
577,1,19200,RAINFOREST_RESIN,9995.0,26.0,,,,,10002.0,1.0,10005.0,26.0,,,9998.5,252.0
578,1,19200,KELP,2033.0,26.0,,,,,2036.0,26.0,,,,,2034.5,2.29052734375
579,1,19300,SQUID_INK,1825.0,25.0,,,,,1828.0,25.0,,,,,1826.5,0.0
580,1,19300,KELP,2033.0,25.0,,,,,2036.0,25.0,,,,,2034.5,2.4091796875
581,1,19300,RAINFOREST_RESIN,9996.0,2.0,9995.0,23.0,,,9998.0,6.0,10004.0,2.0,10005.0,23.0,9997.0,252.0
582,1,19400,RAINFOREST_RESIN,9996.0,2.0,9995.0,24.0,,,10002.0,5.0,10004.0,2.0,10005.0,24.0,9999.0,264.0
583,1,19400,KELP,2033.0,26.0,,,,,2036.0,26.0,,,,,2034.5,1.96484375
584,1,19400,SQUID_INK,1829.0,26.0,,,,,1832.0,26.0,,,,,1830.5,0.0
585,1,19500,SQUID_INK,1828.0,23.0,,,,,1832.0,23.0,,,,,1830.0,0.0
586,1,19500,KELP,2033.0,23.0,,,,,2036.0,23.0,,,,,2034.5,2.08544921875
587,1,19500,RAINFOREST_RESIN,9995.0,23.0,,,,,10005.0,23.0,,,,,10000.0,264.0
588,1,19600,SQUID_INK,1828.0,27.0,,,,,1831.0,27.0,,,,,1829.5,0.0
589,1,19600,RAINFOREST_RESIN,10002.0,1.0,9998.0,5.0,9996.0,1.0,10004.0,1.0,10005.0,26.0,,,10003.0,264.0
590,1,19600,KELP,2033.0,27.0,,,,,2036.0,27.0,,,,,2034.5,1.791015625
591,1,19700,SQUID_INK,1826.0,31.0,,,,,1829.0,31.0,,,,,1827.5,0.0
592,1,19700,RAINFOREST_RESIN,9996.0,2.0,9995.0,29.0,,,10004.0,2.0,10005.0,29.0,,,10000.0,266.0
593,1,19700,KELP,2033.0,31.0,,,,,2036.0,31.0,,,,,2034.5,1.34521484375
594,1,19800,RAINFOREST_RESIN,9996.0,2.0,9995.0,26.0,,,10004.0,2.0,10005.0,26.0,,,10000.0,266.0
595,1,19800,KELP,2033.0,28.0,,,,,2036.0,28.0,,,,,2034.5,1.58544921875
596,1,19800,SQUID_INK,1825.0,28.0,,,,,1828.0,28.0,,,,,1826.5,0.0
597,1,19900,KELP,2033.0,23.0,,,,,2036.0,23.0,,,,,2034.5,1.74658203125
598,1,19900,SQUID_INK,1826.0,23.0,,,,,1829.0,1.0,1830.0,22.0,,,1827.5,0.0
599,1,19900,RAINFOREST_RESIN,9996.0,1.0,9995.0,22.0,,,9998.0,1.0,10004.0,1.0,10005.0,22.0,9997.0,266.0
600,1,20000,KELP,2033.0,26.0,,,,,2035.0,4.0,2036.0,26.0,,,2034.0,1.74609375
601,1,20000,SQUID_INK,1831.0,26.0,,,,,1833.0,4.0,1834.0,26.0,,,1832.0,0.0
602,1,20000,RAINFOREST_RESIN,9995.0,26.0,,,,,9998.0,1.0,10005.0,26.0,,,9996.5,268.0
603,1,20100,SQUID_INK,1832.0,30.0,,,,,1834.0,4.0,1835.0,30.0,,,1833.0,0.0
604,1,20100,RAINFOREST_RESIN,9996.0,1.0,9995.0,29.0,,,9998.0,4.0,10004.0,1.0,10005.0,29.0,9997.0,270.0
605,1,20100,KELP,2033.0,30.0,,,,,2035.0,4.0,2036.0,30.0,,,2034.0,1.54541015625
606,1,20200,RAINFOREST_RESIN,10002.0,1.0,9995.0,20.0,,,10005.0,20.0,,,,,10003.5,278.0
607,1,20200,KELP,2033.0,20.0,,,,,2036.0,20.0,,,,,2034.5,1.74609375
608,1,20200,SQUID_INK,1833.0,20.0,,,,,1837.0,20.0,,,,,1835.0,0.0
609,1,20300,KELP,2033.0,24.0,,,,,2036.0,24.0,,,,,2034.5,1.5009765625
610,1,20300,SQUID_INK,1833.0,24.0,,,,,1836.0,24.0,,,,,1834.5,0.0
611,1,20300,RAINFOREST_RESIN,10002.0,4.0,9995.0,24.0,,,10005.0,24.0,,,,,10003.5,280.0
612,1,20400,KELP,2033.0,25.0,,,,,2036.0,28.0,,,,,2034.5,1.13330078125
613,1,20400,SQUID_INK,1830.0,28.0,,,,,1831.0,3.0,1833.0,28.0,,,1830.5,0.0
614,1,20400,RAINFOREST_RESIN,10002.0,2.0,9996.0,1.0,9995.0,27.0,10004.0,1.0,10005.0,27.0,,,10003.0,288.0
615,1,20500,SQUID_INK,1833.0,18.0,,,,,1836.0,26.0,,,,,1834.5,0.0
616,1,20500,RAINFOREST_RESIN,9998.0,7.0,9996.0,1.0,9995.0,25.0,10004.0,1.0,10005.0,25.0,,,10001.0,292.0
617,1,20500,KELP,2033.0,18.0,,,,,2036.0,26.0,,,,,2034.5,1.296875
618,1,20600,RAINFOREST_RESIN,9996.0,1.0,9995.0,24.0,,,9998.0,4.0,10002.0,5.0,10004.0,1.0,9997.0,292.0
619,1,20600,KELP,2033.0,25.0,,,,,2036.0,25.0,,,,,2034.5,1.1337890625
620,1,20600,SQUID_INK,1833.0,25.0,,,,,1836.0,25.0,,,,,1834.5,0.0
621,1,20700,KELP,2034.0,2.0,2033.0,33.0,,,2036.0,30.0,,,,,2035.0,1.09033203125
622,1,20700,SQUID_INK,1837.0,2.0,1835.0,33.0,,,1838.0,30.0,,,,,1837.5,0.0
623,1,20700,RAINFOREST_RESIN,9995.0,30.0,,,,,10005.0,30.0,,,,,10000.0,300.0
624,1,20800,KELP,2033.0,26.0,,,,,2036.0,26.0,,,,,2034.5,1.576171875
625,1,20800,SQUID_INK,1839.0,26.0,,,,,1842.0,26.0,,,,,1840.5,0.0
626,1,20800,RAINFOREST_RESIN,9996.0,2.0,9995.0,24.0,,,10004.0,2.0,10005.0,24.0,,,10000.0,300.0
627,1,20900,SQUID_INK,1837.0,31.0,,,,,1838.0,1.0,1840.0,2.0,1841.0,29.0,1837.5,0.0
628,1,20900,RAINFOREST_RESIN,9996.0,2.0,9995.0,29.0,,,10004.0,2.0,10005.0,29.0,,,10000.0,300.0
629,1,20900,KELP,2033.0,30.0,,,,,2036.0,31.0,,,,,2034.5,1.69775390625
630,1,21000,RAINFOREST_RESIN,9996.0,1.0,9995.0,25.0,,,10004.0,1.0,10005.0,25.0,,,10000.0,300.0
631,1,21000,KELP,2033.0,26.0,,,,,2036.0,26.0,,,,,2034.5,1.98193359375
632,1,21000,SQUID_INK,1835.0,26.0,,,,,1838.0,26.0,,,,,1836.5,0.0
633,1,21100,KELP,2033.0,28.0,,,,,2034.0,2.0,2036.0,28.0,,,2033.5,1.537109375
634,1,21100,SQUID_INK,1835.0,28.0,,,,,1836.0,2.0,1838.0,28.0,,,1835.5,0.0
635,1,21100,RAINFOREST_RESIN,9995.0,28.0,,,,,10000.0,2.0,10005.0,28.0,,,9997.5,300.0
636,1,21200,KELP,2035.0,1.0,2033.0,29.0,,,2036.0,29.0,,,,,2035.5,1.73876953125
637,1,21200,SQUID_INK,1836.0,1.0,1834.0,29.0,,,1837.0,29.0,,,,,1836.5,0.0
638,1,21200,RAINFOREST_RESIN,9995.0,29.0,,,,,9998.0,1.0,10005.0,29.0,,,9996.5,300.0
639,1,21300,SQUID_INK,1833.0,22.0,,,,,1835.0,2.0,1836.0,22.0,,,1834.0,0.0
640,1,21300,RAINFOREST_RESIN,9995.0,22.0,,,,,10005.0,22.0,,,,,10000.0,302.0
641,1,21300,KELP,2033.0,22.0,,,,,2035.0,2.0,2036.0,22.0,,,2034.0,1.6591796875
642,1,21400,RAINFOREST_RESIN,9996.0,1.0,9995.0,29.0,,,10004.0,1.0,10005.0,29.0,,,10000.0,302.0
643,1,21400,KELP,2033.0,30.0,,,,,2036.0,30.0,,,,,2034.5,1.13134765625
644,1,21400,SQUID_INK,1835.0,30.0,,,,,1838.0,30.0,,,,,1836.5,0.0
645,1,21500,KELP,2032.0,28.0,,,,,2033.0,5.0,2036.0,30.0,,,2032.5,0.76416015625
646,1,21500,SQUID_INK,1838.0,28.0,,,,,1839.0,5.0,1842.0,30.0,,,1838.5,0.0
647,1,21500,RAINFOREST_RESIN,9996.0,2.0,9995.0,28.0,,,10004.0,2.0,10005.0,28.0,,,10000.0,302.0
648,1,21600,KELP,2033.0,2.0,2032.0,20.0,,,2036.0,22.0,,,,,2034.5,0.60205078125
649,1,21600,SQUID_INK,1843.0,22.0,,,,,1846.0,2.0,1847.0,20.0,,,1844.5,0.0
650,1,21600,RAINFOREST_RESIN,9998.0,5.0,9996.0,2.0,9995.0,20.0,10004.0,2.0,10005.0,20.0,,,10001.0,302.0
651,1,21700,SQUID_INK,1844.0,4.0,1843.0,27.0,,,1846.0,27.0,,,,,1845.0,0.0
652,1,21700,RAINFOREST_RESIN,9996.0,2.0,9995.0,25.0,,,10004.0,2.0,10005.0,25.0,,,10000.0,302.0
653,1,21700,KELP,2033.0,6.0,2032.0,25.0,,,2036.0,27.0,,,,,2034.5,0.80859375
654,1,21800,RAINFOREST_RESIN,9996.0,1.0,9995.0,25.0,,,10004.0,1.0,10005.0,25.0,,,10000.0,302.0
655,1,21800,KELP,2033.0,1.0,2032.0,25.0,,,2036.0,26.0,,,,,2034.5,0.6083984375
656,1,21800,SQUID_INK,1844.0,26.0,,,,,1847.0,26.0,,,,,1845.5,0.0
657,1,21900,KELP,2032.0,27.0,,,,,2036.0,27.0,,,,,2034.0,0.81103515625
658,1,21900,RAINFOREST_RESIN,9995.0,27.0,,,,,10002.0,3.0,10005.0,27.0,,,9998.5,302.0
659,1,21900,SQUID_INK,1845.0,27.0,,,,,1848.0,27.0,,,,,1846.5,0.0
660,1,22000,KELP,2033.0,22.0,,,,,2036.0,22.0,,,,,2034.5,0.935546875
661,1,22000,SQUID_INK,1844.0,22.0,,,,,1847.0,22.0,,,,,1845.5,0.0
662,1,22000,RAINFOREST_RESIN,9996.0,2.0,9995.0,20.0,,,10004.0,2.0,10005.0,20.0,,,10000.0,302.0
663,1,22100,RAINFOREST_RESIN,9995.0,22.0,,,,,10005.0,22.0,,,,,10000.0,302.0
664,1,22100,SQUID_INK,1848.0,22.0,,,,,1850.0,4.0,1852.0,22.0,,,1849.0,0.0
665,1,22100,KELP,2032.0,22.0,,,,,2034.0,4.0,2036.0,22.0,,,2033.0,0.69287109375
666,1,22200,RAINFOREST_RESIN,10002.0,1.0,9995.0,23.0,,,10005.0,23.0,,,,,10003.5,302.0
667,1,22200,KELP,2033.0,3.0,2032.0,23.0,,,2036.0,23.0,,,,,2034.5,0.73291015625
668,1,22200,SQUID_INK,1849.0,26.0,,,,,1852.0,23.0,,,,,1850.5,0.0
669,1,22300,KELP,2033.0,30.0,,,,,2036.0,30.0,,,,,2034.5,0.97802734375
670,1,22300,RAINFOREST_RESIN,9996.0,2.0,9995.0,28.0,,,10004.0,2.0,10005.0,28.0,,,10000.0,304.0
671,1,22300,SQUID_INK,1848.0,30.0,,,,,1851.0,2.0,1852.0,28.0,,,1849.5,0.0
672,1,22400,KELP,2033.0,24.0,,,,,2036.0,24.0,,,,,2034.5,1.017578125
673,1,22400,SQUID_INK,1846.0,24.0,,,,,1849.0,24.0,,,,,1847.5,0.0
674,1,22400,RAINFOREST_RESIN,9996.0,1.0,9995.0,23.0,,,10002.0,2.0,10004.0,1.0,10005.0,23.0,9999.0,304.0
675,1,22500,RAINFOREST_RESIN,9998.0,2.0,9995.0,27.0,,,10005.0,27.0,,,,,10001.5,304.0
676,1,22500,SQUID_INK,1849.0,1.0,1847.0,27.0,,,1851.0,27.0,,,,,1850.0,0.0
677,1,22500,KELP,2035.0,1.0,2032.0,27.0,,,2036.0,27.0,,,,,2035.5,0.77880859375
678,1,22600,RAINFOREST_RESIN,9998.0,5.0,9996.0,1.0,9995.0,25.0,10004.0,1.0,10005.0,25.0,,,10001.0,304.0
679,1,22600,KELP,2035.0,1.0,2034.0,4.0,2033.0,30.0,2036.0,26.0,,,,,2035.5,0.939453125
680,1,22600,SQUID_INK,1851.0,1.0,1850.0,4.0,1849.0,30.0,1852.0,26.0,,,,,1851.5,0.0
681,1,22700,KELP,2033.0,26.0,,,,,2036.0,26.0,,,,,2034.5,0.93798828125
682,1,22700,RAINFOREST_RESIN,9996.0,1.0,9995.0,25.0,,,10002.0,9.0,10004.0,1.0,10005.0,25.0,9999.0,304.0
683,1,22700,SQUID_INK,1849.0,26.0,,,,,1852.0,26.0,,,,,1850.5,0.0
684,1,22800,KELP,2033.0,27.0,,,,,2036.0,27.0,,,,,2034.5,1.021484375
685,1,22800,SQUID_INK,1847.0,27.0,,,,,1850.0,27.0,,,,,1848.5,0.0
686,1,22800,RAINFOREST_RESIN,10002.0,1.0,9996.0,1.0,9995.0,26.0,10004.0,1.0,10005.0,26.0,,,10003.0,304.0
687,1,22900,RAINFOREST_RESIN,10002.0,2.0,9996.0,1.0,9995.0,22.0,10004.0,1.0,10005.0,22.0,,,10003.0,306.0
688,1,22900,SQUID_INK,1845.0,23.0,,,,,1846.0,1.0,1847.0,4.0,1848.0,1.0,1845.5,0.0
689,1,22900,KELP,2033.0,22.0,,,,,2035.0,4.0,2036.0,23.0,,,2034.0,0.98193359375
690,1,23000,RAINFOREST_RESIN,9996.0,1.0,9995.0,20.0,,,10002.0,2.0,10004.0,1.0,10005.0,20.0,9999.0,310.0
691,1,23000,SQUID_INK,1847.0,1.0,1845.0,21.0,,,1848.0,21.0,,,,,1847.5,0.0
692,1,23000,KELP,2035.0,1.0,2033.0,21.0,,,2036.0,21.0,,,,,2035.5,0.94189453125
693,1,23100,KELP,2033.0,35.0,,,,,2036.0,28.0,,,,,2034.5,1.22314453125
694,1,23100,RAINFOREST_RESIN,9996.0,2.0,9995.0,26.0,,,10004.0,2.0,10005.0,26.0,,,10000.0,310.0
695,1,23100,SQUID_INK,1844.0,7.0,1843.0,28.0,,,1846.0,2.0,1847.0,26.0,,,1845.0,0.0
696,1,23200,SQUID_INK,1842.0,26.0,,,,,1845.0,25.0,,,,,1843.5,0.0
697,1,23200,KELP,2033.0,26.0,,,,,2036.0,25.0,,,,,2034.5,0.98193359375
698,1,23200,RAINFOREST_RESIN,9996.0,1.0,9995.0,24.0,,,10002.0,4.0,10004.0,1.0,10005.0,24.0,9999.0,310.0
699,1,23300,RAINFOREST_RESIN,9996.0,2.0,9995.0,21.0,,,10004.0,2.0,10005.0,21.0,,,10000.0,310.0
700,1,23300,SQUID_INK,1841.0,23.0,,,,,1844.0,23.0,,,,,1842.5,0.0
701,1,23300,KELP,2033.0,23.0,,,,,2036.0,23.0,,,,,2034.5,1.1826171875
702,1,23400,RAINFOREST_RESIN,9996.0,1.0,9995.0,29.0,,,10004.0,1.0,10005.0,29.0,,,10000.0,310.0
703,1,23400,SQUID_INK,1840.0,30.0,,,,,1843.0,1.0,1844.0,29.0,,,1841.5,0.0
704,1,23400,KELP,2033.0,30.0,,,,,2036.0,30.0,,,,,2034.5,1.78857421875
705,1,23500,KELP,2033.0,34.0,,,,,2036.0,31.0,,,,,2034.5,1.7490234375
706,1,23500,RAINFOREST_RESIN,9996.0,1.0,9995.0,30.0,,,10004.0,1.0,10005.0,30.0,,,10000.0,310.0
707,1,23500,SQUID_INK,1841.0,34.0,,,,,1844.0,31.0,,,,,1842.5,0.0
708,1,23600,SQUID_INK,1843.0,26.0,,,,,1846.0,2.0,1847.0,25.0,,,1844.5,0.0
709,1,23600,KELP,2033.0,26.0,,,,,2036.0,27.0,,,,,2034.5,1.54736328125
710,1,23600,RAINFOREST_RESIN,9996.0,2.0,9995.0,25.0,,,10004.0,2.0,10005.0,25.0,,,10000.0,310.0
711,1,23700,RAINFOREST_RESIN,9996.0,1.0,9995.0,20.0,,,10004.0,1.0,10005.0,20.0,,,10000.0,310.0
712,1,23700,SQUID_INK,1846.0,1.0,1844.0,21.0,,,1847.0,1.0,1848.0,20.0,,,1846.5,0.0
713,1,23700,KELP,2035.0,1.0,2033.0,21.0,,,2036.0,21.0,,,,,2035.5,1.47314453125
714,1,23800,RAINFOREST_RESIN,9995.0,22.0,,,,,10005.0,22.0,,,,,10000.0,310.0
715,1,23800,SQUID_INK,1842.0,22.0,,,,,1846.0,22.0,,,,,1844.0,0.0
716,1,23800,KELP,2033.0,22.0,,,,,2036.0,22.0,,,,,2034.5,1.4345703125
717,1,23900,KELP,2033.0,27.0,,,,,2036.0,27.0,,,,,2034.5,1.47412109375
718,1,23900,RAINFOREST_RESIN,9995.0,27.0,,,,,10005.0,27.0,,,,,10000.0,310.0
719,1,23900,SQUID_INK,1843.0,27.0,,,,,1846.0,27.0,,,,,1844.5,0.0
720,1,24000,SQUID_INK,1845.0,35.0,,,,,1848.0,29.0,,,,,1846.5,0.0
721,1,24000,KELP,2033.0,35.0,,,,,2036.0,29.0,,,,,2034.5,1.43310546875
722,1,24000,RAINFOREST_RESIN,9995.0,29.0,,,,,10005.0,29.0,,,,,10000.0,310.0
723,1,24100,RAINFOREST_RESIN,9996.0,2.0,9995.0,20.0,,,10004.0,2.0,10005.0,20.0,,,10000.0,310.0
724,1,24100,SQUID_INK,1841.0,2.0,1840.0,20.0,,,1844.0,22.0,,,,,1842.5,0.0
725,1,24100,KELP,2033.0,22.0,,,,,2036.0,22.0,,,,,2034.5,1.19189453125
726,1,24200,RAINFOREST_RESIN,9996.0,1.0,9995.0,23.0,,,10002.0,7.0,10004.0,1.0,10005.0,23.0,9999.0,310.0
727,1,24200,SQUID_INK,1849.0,1.0,1848.0,23.0,,,1850.0,8.0,1852.0,24.0,,,1849.5,0.0
728,1,24200,KELP,2033.0,24.0,,,,,2035.0,8.0,2036.0,24.0,,,2034.0,1.19287109375
729,1,24300,KELP,2033.0,26.0,,,,,2035.0,5.0,2036.0,27.0,,,2034.0,1.52099609375
730,1,24300,RAINFOREST_RESIN,10002.0,1.0,9995.0,27.0,,,10005.0,27.0,,,,,10003.5,310.0
731,1,24300,SQUID_INK,1846.0,26.0,,,,,1848.0,5.0,1849.0,27.0,,,1847.0,0.0
732,1,24400,SQUID_INK,1845.0,37.0,,,,,1848.0,29.0,,,,,1846.5,0.0
733,1,24400,KELP,2033.0,37.0,,,,,2036.0,29.0,,,,,2034.5,1.5654296875
734,1,24400,RAINFOREST_RESIN,9996.0,1.0,9995.0,28.0,,,10004.0,1.0,10005.0,28.0,,,10000.0,312.0
735,1,24500,RAINFOREST_RESIN,9996.0,2.0,9995.0,24.0,,,10002.0,10.0,10004.0,2.0,10005.0,24.0,9999.0,312.0
736,1,24500,SQUID_INK,1844.0,26.0,,,,,1847.0,26.0,,,,,1845.5,0.0
737,1,24500,KELP,2033.0,26.0,,,,,2036.0,26.0,,,,,2034.5,1.64501953125
738,1,24600,RAINFOREST_RESIN,9996.0,2.0,9995.0,22.0,,,10002.0,10.0,10004.0,2.0,10005.0,22.0,9999.0,312.0
739,1,24600,SQUID_INK,1846.0,24.0,,,,,1849.0,24.0,,,,,1847.5,0.0
740,1,24600,KELP,2033.0,24.0,,,,,2036.0,24.0,,,,,2034.5,1.4833984375
741,1,24700,KELP,2033.0,22.0,,,,,2036.0,22.0,,,,,2034.5,1.60693359375
742,1,24700,RAINFOREST_RESIN,9996.0,2.0,9995.0,20.0,,,10004.0,2.0,10005.0,20.0,,,10000.0,312.0
743,1,24700,SQUID_INK,1848.0,22.0,,,,,1851.0,22.0,,,,,1849.5,0.0
744,1,24800,SQUID_INK,1849.0,28.0,,,,,1852.0,28.0,,,,,1850.5,0.0
745,1,24800,KELP,2033.0,28.0,,,,,2036.0,28.0,,,,,2034.5,1.5654296875
746,1,24800,RAINFOREST_RESIN,9995.0,28.0,,,,,10005.0,28.0,,,,,10000.0,312.0
747,1,24900,RAINFOREST_RESIN,9998.0,7.0,9995.0,24.0,,,10005.0,24.0,,,,,10001.5,312.0
748,1,24900,SQUID_INK,1848.0,24.0,,,,,1852.0,24.0,,,,,1850.0,0.0
749,1,24900,KELP,2033.0,24.0,,,,,2036.0,24.0,,,,,2034.5,1.884765625
750,1,25000,RAINFOREST_RESIN,10002.0,1.0,9996.0,1.0,9995.0,27.0,10004.0,1.0,10005.0,27.0,,,10003.0,312.0
751,1,25000,SQUID_INK,1852.0,28.0,,,,,1855.0,28.0,,,,,1853.5,0.0
752,1,25000,KELP,2033.0,28.0,,,,,2036.0,28.0,,,,,2034.5,2.04931640625
753,1,25100,KELP,2033.0,27.0,,,,,2036.0,27.0,,,,,2034.5,2.42578125
754,1,25100,RAINFOREST_RESIN,9998.0,8.0,9996.0,1.0,9995.0,26.0,10004.0,1.0,10005.0,26.0,,,10001.0,314.0
755,1,25100,SQUID_INK,1850.0,27.0,,,,,1853.0,27.0,,,,,1851.5,0.0
756,1,25200,SQUID_INK,1851.0,32.0,,,,,1852.0,4.0,1854.0,26.0,,,1851.5,0.0
757,1,25200,KELP,2033.0,32.0,,,,,2034.0,4.0,2036.0,26.0,,,2033.5,2.8310546875
758,1,25200,RAINFOREST_RESIN,9996.0,2.0,9995.0,24.0,,,10000.0,4.0,10004.0,2.0,10005.0,24.0,9998.0,314.0
759,1,25300,RAINFOREST_RESIN,9998.0,9.0,9996.0,1.0,9995.0,21.0,10004.0,1.0,10005.0,21.0,,,10001.0,314.0
760,1,25300,SQUID_INK,1854.0,22.0,,,,,1857.0,22.0,,,,,1855.5,0.0
761,1,25300,KELP,2033.0,22.0,,,,,2036.0,22.0,,,,,2034.5,2.85302734375
762,1,25400,RAINFOREST_RESIN,10002.0,3.0,9996.0,2.0,9995.0,27.0,10004.0,2.0,10005.0,27.0,,,10003.0,314.0
763,1,25400,SQUID_INK,1852.0,29.0,,,,,1855.0,29.0,,,,,1853.5,0.0
764,1,25400,KELP,2033.0,29.0,,,,,2036.0,29.0,,,,,2034.5,2.0830078125
765,1,25500,KELP,2033.0,24.0,,,,,2035.0,6.0,2036.0,24.0,,,2034.0,1.9169921875
766,1,25500,RAINFOREST_RESIN,9996.0,1.0,9995.0,23.0,,,10004.0,1.0,10005.0,23.0,,,10000.0,320.0
767,1,25500,SQUID_INK,1852.0,24.0,,,,,1854.0,6.0,1855.0,1.0,1856.0,23.0,1853.0,0.0
768,1,25600,SQUID_INK,1853.0,24.0,,,,,1855.0,6.0,1856.0,24.0,,,1854.0,0.0
769,1,25600,KELP,2033.0,24.0,,,,,2035.0,6.0,2036.0,24.0,,,2034.0,1.75439453125
770,1,25600,RAINFOREST_RESIN,9995.0,24.0,,,,,10005.0,24.0,,,,,10000.0,320.0
771,1,25700,RAINFOREST_RESIN,9996.0,1.0,9995.0,24.0,,,10004.0,1.0,10005.0,24.0,,,10000.0,320.0
772,1,25700,SQUID_INK,1849.0,25.0,,,,,1852.0,25.0,,,,,1850.5,0.0
773,1,25700,KELP,2033.0,25.0,,,,,2036.0,25.0,,,,,2034.5,1.71484375
774,1,25800,RAINFOREST_RESIN,10002.0,1.0,9996.0,2.0,9995.0,27.0,10004.0,2.0,10005.0,27.0,,,10003.0,320.0
775,1,25800,SQUID_INK,1849.0,29.0,,,,,1852.0,29.0,,,,,1850.5,0.0
776,1,25800,KELP,2033.0,29.0,,,,,2036.0,29.0,,,,,2034.5,1.55419921875
777,1,25900,KELP,2033.0,29.0,,,,,2036.0,29.0,,,,,2034.5,1.79736328125
778,1,25900,RAINFOREST_RESIN,9996.0,2.0,9995.0,27.0,,,10004.0,2.0,10005.0,27.0,,,10000.0,322.0
779,1,25900,SQUID_INK,1849.0,29.0,,,,,1852.0,29.0,,,,,1850.5,0.0
780,1,26000,SQUID_INK,1851.0,1.0,1849.0,27.0,,,1852.0,27.0,,,,,1851.5,0.0
781,1,26000,RAINFOREST_RESIN,9995.0,27.0,,,,,10005.0,27.0,,,,,10000.0,322.0
782,1,26000,KELP,2035.0,1.0,2033.0,27.0,,,2036.0,27.0,,,,,2035.5,1.91943359375
783,1,26100,SQUID_INK,1850.0,1.0,1849.0,2.0,1848.0,25.0,1851.0,1.0,1852.0,24.0,,,1850.5,0.0
784,1,26100,KELP,2035.0,1.0,2033.0,27.0,,,2036.0,25.0,,,,,2035.5,1.92236328125
785,1,26100,RAINFOREST_RESIN,10002.0,1.0,9998.0,3.0,9996.0,1.0,10004.0,1.0,10005.0,24.0,,,10003.0,322.0
786,1,26200,SQUID_INK,1848.0,29.0,,,,,1851.0,29.0,,,,,1849.5,0.0
787,1,26200,RAINFOREST_RESIN,10002.0,1.0,9996.0,2.0,9995.0,27.0,10004.0,2.0,10005.0,27.0,,,10003.0,324.0
788,1,26200,KELP,2033.0,29.0,,,,,2036.0,29.0,,,,,2034.5,1.6826171875
789,1,26300,KELP,2033.0,25.0,,,,,2036.0,26.0,,,,,2034.5,1.68212890625
790,1,26300,SQUID_INK,1847.0,25.0,,,,,1851.0,26.0,,,,,1849.0,0.0
791,1,26300,RAINFOREST_RESIN,9996.0,1.0,9995.0,25.0,,,10002.0,1.0,10004.0,1.0,10005.0,25.0,9999.0,326.0
792,1,26400,RAINFOREST_RESIN,9995.0,27.0,,,,,10005.0,27.0,,,,,10000.0,326.0
793,1,26400,KELP,2033.0,27.0,,,,,2036.0,27.0,,,,,2034.5,1.68310546875
794,1,26400,SQUID_INK,1848.0,27.0,,,,,1851.0,27.0,,,,,1849.5,0.0
795,1,26500,KELP,2033.0,22.0,,,,,2036.0,22.0,,,,,2034.5,1.84375
796,1,26500,SQUID_INK,1847.0,22.0,,,,,1850.0,22.0,,,,,1848.5,0.0
797,1,26500,RAINFOREST_RESIN,9996.0,1.0,9995.0,21.0,,,10004.0,1.0,10005.0,21.0,,,10000.0,326.0
798,1,26600,SQUID_INK,1847.0,31.0,,,,,1850.0,31.0,,,,,1848.5,0.0
799,1,26600,RAINFOREST_RESIN,9996.0,2.0,9995.0,29.0,,,9998.0,4.0,10004.0,2.0,10005.0,29.0,9997.0,326.0
800,1,26600,KELP,2033.0,31.0,,,,,2036.0,31.0,,,,,2034.5,2.08544921875
801,1,26700,KELP,2035.0,1.0,2033.0,34.0,,,2036.0,26.0,,,,,2035.5,2.04443359375
802,1,26700,SQUID_INK,1846.0,1.0,1845.0,8.0,1844.0,26.0,1847.0,26.0,,,,,1846.5,0.0
803,1,26700,RAINFOREST_RESIN,9995.0,26.0,,,,,10005.0,26.0,,,,,10000.0,334.0
804,1,26800,RAINFOREST_RESIN,10002.0,1.0,9998.0,7.0,9995.0,20.0,10005.0,20.0,,,,,10003.5,334.0
805,1,26800,KELP,2033.0,20.0,,,,,2036.0,20.0,,,,,2034.5,2.01220703125
806,1,26800,SQUID_INK,1844.0,20.0,,,,,1847.0,20.0,,,,,1845.5,0.0
807,1,26900,KELP,2033.0,22.0,,,,,2036.0,22.0,,,,,2034.5,1.81103515625
808,1,26900,SQUID_INK,1846.0,22.0,,,,,1849.0,22.0,,,,,1847.5,0.0
809,1,26900,RAINFOREST_RESIN,9995.0,22.0,,,,,10005.0,22.0,,,,,10000.0,336.0
810,1,27000,SQUID_INK,1849.0,27.0,,,,,1850.0,6.0,1852.0,27.0,,,1849.5,0.0
811,1,27000,RAINFOREST_RESIN,9998.0,2.0,9996.0,1.0,9995.0,26.0,10004.0,1.0,10005.0,26.0,,,10001.0,336.0
812,1,27000,KELP,2033.0,27.0,,,,,2035.0,6.0,2036.0,27.0,,,2034.0,2.1748046875
813,1,27100,KELP,2035.0,1.0,2033.0,29.0,,,2036.0,29.0,,,,,2035.5,2.1337890625
814,1,27100,SQUID_INK,1851.0,1.0,1849.0,29.0,,,1852.0,29.0,,,,,1851.5,0.0
815,1,27100,RAINFOREST_RESIN,9996.0,2.0,9995.0,27.0,,,9998.0,1.0,10002.0,10.0,10004.0,2.0,9997.0,336.0
816,1,27200,RAINFOREST_RESIN,9998.0,3.0,9996.0,2.0,9995.0,23.0,10004.0,2.0,10005.0,23.0,,,10001.0,338.0
817,1,27200,KELP,2035.0,1.0,2033.0,32.0,,,2036.0,25.0,,,,,2035.5,2.01416015625
818,1,27200,SQUID_INK,1853.0,1.0,1851.0,32.0,,,1854.0,25.0,,,,,1853.5,0.0
819,1,27300,KELP,2033.0,24.0,,,,,2036.0,25.0,,,,,2034.5,2.09423828125
820,1,27300,SQUID_INK,1850.0,24.0,,,,,1853.0,25.0,,,,,1851.5,0.0
821,1,27300,RAINFOREST_RESIN,9995.0,25.0,,,,,10002.0,8.0,10005.0,25.0,,,9998.5,338.0
822,1,27400,SQUID_INK,1849.0,6.0,1848.0,23.0,,,1851.0,1.0,1852.0,22.0,,,1850.0,0.0
823,1,27400,RAINFOREST_RESIN,9996.0,1.0,9995.0,22.0,,,9998.0,3.0,10004.0,1.0,10005.0,22.0,9997.0,338.0
824,1,27400,KELP,2034.0,6.0,2033.0,23.0,,,2036.0,23.0,,,,,2035.0,1.93408203125
825,1,27500,SQUID_INK,1848.0,30.0,,,,,1851.0,30.0,,,,,1849.5,0.0
826,1,27500,KELP,2033.0,30.0,,,,,2036.0,30.0,,,,,2034.5,2.17138671875
827,1,27500,RAINFOREST_RESIN,9995.0,30.0,,,,,10005.0,30.0,,,,,10000.0,344.0
828,1,27600,RAINFOREST_RESIN,9996.0,2.0,9995.0,26.0,,,10002.0,4.0,10004.0,2.0,10005.0,26.0,9999.0,344.0
829,1,27600,KELP,2035.0,1.0,2033.0,34.0,,,2036.0,28.0,,,,,2035.5,2.17236328125
830,1,27600,SQUID_INK,1851.0,1.0,1849.0,34.0,,,1852.0,28.0,,,,,1851.5,0.0
831,1,27700,SQUID_INK,1849.0,32.0,,,,,1852.0,32.0,,,,,1850.5,0.0
832,1,27700,KELP,2033.0,32.0,,,,,2036.0,32.0,,,,,2034.5,2.0986328125
833,1,27700,RAINFOREST_RESIN,9996.0,2.0,9995.0,30.0,,,10004.0,2.0,10005.0,30.0,,,10000.0,344.0
834,1,27800,SQUID_INK,1848.0,27.0,,,,,1851.0,22.0,,,,,1849.5,0.0
835,1,27800,RAINFOREST_RESIN,9998.0,2.0,9996.0,2.0,9995.0,20.0,10004.0,2.0,10005.0,20.0,,,10001.0,344.0
836,1,27800,KELP,2033.0,27.0,,,,,2036.0,22.0,,,,,2034.5,2.21826171875
837,1,27900,SQUID_INK,1848.0,29.0,,,,,1850.0,8.0,1851.0,29.0,,,1849.0,0.0
838,1,27900,KELP,2033.0,29.0,,,,,2035.0,8.0,2036.0,29.0,,,2034.0,2.17626953125
839,1,27900,RAINFOREST_RESIN,9995.0,29.0,,,,,10005.0,29.0,,,,,10000.0,344.0
840,1,28000,RAINFOREST_RESIN,9995.0,22.0,,,,,10005.0,22.0,,,,,10000.0,344.0
841,1,28000,KELP,2033.0,26.0,,,,,2036.0,22.0,,,,,2034.5,1.9765625
842,1,28000,SQUID_INK,1849.0,26.0,,,,,1852.0,22.0,,,,,1850.5,0.0
843,1,28100,SQUID_INK,1848.0,1.0,1847.0,20.0,,,1851.0,21.0,,,,,1849.5,0.0
844,1,28100,KELP,2033.0,21.0,,,,,2036.0,21.0,,,,,2034.5,1.89599609375
845,1,28100,RAINFOREST_RESIN,9996.0,1.0,9995.0,20.0,,,10004.0,1.0,10005.0,20.0,,,10000.0,344.0
846,1,28200,SQUID_INK,1849.0,23.0,,,,,1852.0,23.0,,,,,1850.5,0.0
847,1,28200,RAINFOREST_RESIN,9995.0,23.0,,,,,10005.0,23.0,,,,,10000.0,344.0
848,1,28200,KELP,2033.0,23.0,,,,,2036.0,23.0,,,,,2034.5,2.21826171875
849,1,28300,SQUID_INK,1849.0,30.0,,,,,1852.0,30.0,,,,,1850.5,0.0
850,1,28300,KELP,2033.0,30.0,,,,,2036.0,30.0,,,,,2034.5,2.056640625
851,1,28300,RAINFOREST_RESIN,9996.0,2.0,9995.0,28.0,,,10004.0,2.0,10005.0,28.0,,,10000.0,344.0
852,1,28400,RAINFOREST_RESIN,9995.0,20.0,,,,,10002.0,8.0,10005.0,20.0,,,9998.5,344.0
853,1,28400,KELP,2033.0,20.0,,,,,2036.0,20.0,,,,,2034.5,1.9755859375
854,1,28400,SQUID_INK,1849.0,20.0,,,,,1853.0,20.0,,,,,1851.0,0.0
855,1,28500,KELP,2033.0,33.0,,,,,2036.0,30.0,,,,,2034.5,2.05517578125
856,1,28500,SQUID_INK,1847.0,33.0,,,,,1850.0,30.0,,,,,1848.5,0.0
857,1,28500,RAINFOREST_RESIN,9996.0,2.0,9995.0,28.0,,,10004.0,2.0,10005.0,28.0,,,10000.0,344.0
858,1,28600,KELP,2033.0,27.0,,,,,2034.0,5.0,2036.0,28.0,,,2033.5,2.28662109375
859,1,28600,SQUID_INK,1848.0,27.0,,,,,1849.0,5.0,1851.0,28.0,,,1848.5,0.0
860,1,28600,RAINFOREST_RESIN,9996.0,2.0,9995.0,26.0,,,10000.0,5.0,10002.0,5.0,10004.0,2.0,9998.0,344.0
861,1,28700,SQUID_INK,1848.0,23.0,,,,,1851.0,24.0,,,,,1849.5,0.0
862,1,28700,RAINFOREST_RESIN,9998.0,8.0,9996.0,2.0,9995.0,22.0,10004.0,2.0,10005.0,22.0,,,10001.0,344.0
863,1,28700,KELP,2033.0,23.0,,,,,2036.0,24.0,,,,,2034.5,2.40673828125
864,1,28800,RAINFOREST_RESIN,9995.0,21.0,,,,,10002.0,8.0,10005.0,21.0,,,9998.5,344.0
865,1,28800,KELP,2033.0,21.0,,,,,2036.0,21.0,,,,,2034.5,2.73095703125
866,1,28800,SQUID_INK,1848.0,21.0,,,,,1851.0,21.0,,,,,1849.5,0.0
867,1,28900,KELP,2033.0,24.0,,,,,2036.0,23.0,,,,,2034.5,2.689453125
868,1,28900,SQUID_INK,1850.0,24.0,,,,,1853.0,23.0,,,,,1851.5,0.0
869,1,28900,RAINFOREST_RESIN,9996.0,1.0,9995.0,22.0,,,10002.0,5.0,10004.0,1.0,10005.0,22.0,9999.0,344.0
870,1,29000,KELP,2033.0,26.0,,,,,2036.0,26.0,,,,,2034.5,2.73193359375
871,1,29000,SQUID_INK,1851.0,2.0,1850.0,24.0,,,1854.0,26.0,,,,,1852.5,0.0
872,1,29000,RAINFOREST_RESIN,10002.0,1.0,9996.0,2.0,9995.0,24.0,10004.0,2.0,10005.0,24.0,,,10003.0,344.0
873,1,29100,SQUID_INK,1850.0,23.0,,,,,1853.0,23.0,,,,,1851.5,0.0
874,1,29100,RAINFOREST_RESIN,9995.0,23.0,,,,,10002.0,2.0,10005.0,23.0,,,9998.5,346.0
875,1,29100,KELP,2033.0,23.0,,,,,2036.0,23.0,,,,,2034.5,2.93896484375
876,1,29200,RAINFOREST_RESIN,9996.0,1.0,9995.0,22.0,,,10004.0,1.0,10005.0,22.0,,,10000.0,346.0
877,1,29200,KELP,2033.0,23.0,,,,,2036.0,23.0,,,,,2034.5,2.97705078125
878,1,29200,SQUID_INK,1850.0,23.0,,,,,1853.0,1.0,1854.0,22.0,,,1851.5,0.0
879,1,29300,KELP,2033.0,23.0,,,,,2036.0,23.0,,,,,2034.5,2.93701171875
880,1,29300,SQUID_INK,1850.0,1.0,1849.0,22.0,,,1853.0,23.0,,,,,1851.5,0.0
881,1,29300,RAINFOREST_RESIN,9996.0,1.0,9995.0,22.0,,,10004.0,1.0,10005.0,22.0,,,10000.0,346.0
882,1,29400,KELP,2033.0,25.0,,,,,2036.0,25.0,,,,,2034.5,2.89697265625
883,1,29400,SQUID_INK,1851.0,25.0,,,,,1854.0,25.0,,,,,1852.5,0.0
884,1,29400,RAINFOREST_RESIN,9996.0,2.0,9995.0,23.0,,,10002.0,4.0,10004.0,2.0,10005.0,23.0,9999.0,346.0
885,1,29500,SQUID_INK,1850.0,19.0,,,,,1853.0,20.0,,,,,1851.5,0.0
886,1,29500,RAINFOREST_RESIN,9998.0,6.0,9995.0,20.0,,,10005.0,20.0,,,,,10001.5,346.0
887,1,29500,KELP,2033.0,19.0,,,,,2036.0,20.0,,,,,2034.5,2.81640625
888,1,29600,RAINFOREST_RESIN,9996.0,1.0,9995.0,26.0,,,10000.0,4.0,10004.0,1.0,10005.0,26.0,9998.0,346.0
889,1,29600,KELP,2033.0,27.0,,,,,2034.0,4.0,2036.0,27.0,,,2033.5,2.8994140625
890,1,29600,SQUID_INK,1853.0,27.0,,,,,1854.0,4.0,1856.0,27.0,,,1853.5,0.0
891,1,29700,KELP,2033.0,23.0,,,,,2035.0,8.0,2036.0,23.0,,,2034.0,2.73779296875
892,1,29700,SQUID_INK,1851.0,1.0,1850.0,22.0,,,1852.0,8.0,1854.0,23.0,,,1851.5,0.0
893,1,29700,RAINFOREST_RESIN,9996.0,1.0,9995.0,22.0,,,10002.0,7.0,10004.0,1.0,10005.0,22.0,9999.0,346.0
894,1,29800,KELP,2035.0,1.0,2033.0,29.0,,,2036.0,25.0,,,,,2035.5,2.80615234375
895,1,29800,SQUID_INK,1855.0,1.0,1853.0,29.0,,,1856.0,25.0,,,,,1855.5,0.0
896,1,29800,RAINFOREST_RESIN,9995.0,25.0,,,,,10005.0,25.0,,,,,10000.0,346.0
897,1,29900,SQUID_INK,1854.0,32.0,,,,,1857.0,32.0,,,,,1855.5,0.0
898,1,29900,RAINFOREST_RESIN,9996.0,2.0,9995.0,30.0,,,10004.0,2.0,10005.0,30.0,,,10000.0,346.0
899,1,29900,KELP,2033.0,32.0,,,,,2036.0,32.0,,,,,2034.5,2.84423828125
900,1,30000,RAINFOREST_RESIN,9998.0,10.0,9996.0,2.0,9995.0,23.0,10004.0,2.0,10005.0,23.0,,,10001.0,346.0
901,1,30000,KELP,2033.0,29.0,,,,,2036.0,25.0,,,,,2034.5,2.9658203125
902,1,30000,SQUID_INK,1854.0,29.0,,,,,1857.0,25.0,,,,,1855.5,0.0
903,1,30100,KELP,2033.0,21.0,,,,,2036.0,1.0,2037.0,20.0,,,2034.5,3.1669921875
904,1,30100,SQUID_INK,1853.0,21.0,,,,,1856.0,21.0,,,,,1854.5,0.0
905,1,30100,RAINFOREST_RESIN,9996.0,1.0,9995.0,20.0,,,10004.0,1.0,10005.0,20.0,,,10000.0,346.0
906,1,30200,KELP,2033.0,30.0,,,,,2036.0,2.0,2037.0,28.0,,,2034.5,3.373046875
907,1,30200,SQUID_INK,1851.0,30.0,,,,,1854.0,2.0,1855.0,28.0,,,1852.5,0.0
908,1,30200,RAINFOREST_RESIN,9996.0,2.0,9995.0,28.0,,,9998.0,1.0,10002.0,8.0,10004.0,2.0,9997.0,346.0
909,1,30300,SQUID_INK,1851.0,31.0,,,,,1853.0,1.0,1854.0,31.0,,,1852.0,0.0
910,1,30300,RAINFOREST_RESIN,10002.0,4.0,9996.0,2.0,9995.0,29.0,10004.0,2.0,10005.0,29.0,,,10003.0,348.0
911,1,30300,KELP,2033.0,31.0,,,,,2035.0,1.0,2036.0,2.0,2037.0,29.0,2034.0,3.3330078125
912,1,30400,RAINFOREST_RESIN,9995.0,30.0,,,,,10005.0,30.0,,,,,10000.0,356.0
913,1,30400,KELP,2035.0,2.0,2033.0,30.0,,,2037.0,30.0,,,,,2036.0,3.53564453125
914,1,30400,SQUID_INK,1852.0,2.0,1850.0,30.0,,,1853.0,30.0,,,,,1852.5,0.0
915,1,30500,KELP,2034.0,5.0,2033.0,30.0,,,2037.0,30.0,,,,,2035.5,3.53271484375
916,1,30500,SQUID_INK,1852.0,35.0,,,,,1855.0,30.0,,,,,1853.5,0.0
917,1,30500,RAINFOREST_RESIN,9996.0,2.0,9995.0,28.0,,,10004.0,2.0,10005.0,28.0,,,10000.0,356.0
918,1,30600,KELP,2033.0,32.0,,,,,2035.0,7.0,2036.0,2.0,2037.0,30.0,2034.0,3.509765625
919,1,30600,SQUID_INK,1851.0,2.0,1850.0,30.0,,,1852.0,7.0,1854.0,32.0,,,1851.5,0.0
920,1,30600,RAINFOREST_RESIN,10002.0,1.0,9996.0,2.0,9995.0,30.0,10004.0,2.0,10005.0,30.0,,,10003.0,356.0
921,1,30700,SQUID_INK,1851.0,2.0,1850.0,27.0,,,1854.0,29.0,,,,,1852.5,0.0
922,1,30700,RAINFOREST_RESIN,9996.0,2.0,9995.0,27.0,,,10004.0,2.0,10005.0,27.0,,,10000.0,358.0
923,1,30700,KELP,2033.0,29.0,,,,,2037.0,29.0,,,,,2035.0,3.6357421875
924,1,30800,RAINFOREST_RESIN,9998.0,8.0,9996.0,2.0,9995.0,29.0,10004.0,2.0,10005.0,29.0,,,10001.0,358.0
925,1,30800,KELP,2033.0,31.0,,,,,2036.0,2.0,2037.0,29.0,,,2034.5,3.51318359375
926,1,30800,SQUID_INK,1849.0,31.0,,,,,1852.0,31.0,,,,,1850.5,0.0
927,1,30900,KELP,2033.0,21.0,,,,,2035.0,7.0,2036.0,21.0,,,2034.0,2.89599609375
928,1,30900,RAINFOREST_RESIN,9995.0,21.0,,,,,10005.0,21.0,,,,,10000.0,358.0
929,1,30900,SQUID_INK,1850.0,21.0,,,,,1852.0,7.0,1853.0,21.0,,,1851.0,0.0
930,1,31000,KELP,2035.0,6.0,2033.0,28.0,,,2036.0,28.0,,,,,2035.5,2.97705078125
931,1,31000,SQUID_INK,1851.0,6.0,1849.0,28.0,,,1852.0,2.0,1853.0,26.0,,,1851.5,0.0
932,1,31000,RAINFOREST_RESIN,9996.0,2.0,9995.0,26.0,,,10002.0,2.0,10004.0,2.0,10005.0,26.0,9999.0,358.0
933,1,31100,RAINFOREST_RESIN,10002.0,1.0,9995.0,23.0,,,10005.0,23.0,,,,,10003.5,358.0
934,1,31100,SQUID_INK,1850.0,14.0,,,,,1853.0,23.0,,,,,1851.5,0.0
935,1,31100,KELP,2033.0,23.0,,,,,2034.0,9.0,2037.0,23.0,,,2033.5,3.6669921875
936,1,31200,RAINFOREST_RESIN,9996.0,1.0,9995.0,21.0,,,10002.0,6.0,10004.0,1.0,10005.0,21.0,9999.0,360.0
937,1,31200,KELP,2033.0,21.0,,,,,2035.0,8.0,2037.0,22.0,,,2034.0,4.7216796875
938,1,31200,SQUID_INK,1850.0,21.0,,,,,1852.0,8.0,1853.0,22.0,,,1851.0,0.0
939,1,31300,KELP,2034.0,2.0,2033.0,20.0,,,2037.0,22.0,,,,,2035.5,4.6005859375
940,1,31300,RAINFOREST_RESIN,9996.0,2.0,9995.0,20.0,,,10004.0,2.0,10005.0,20.0,,,10000.0,360.0
941,1,31300,SQUID_INK,1851.0,2.0,1850.0,20.0,,,1854.0,22.0,,,,,1852.5,0.0
942,1,31400,KELP,2033.0,22.0,,,,,2037.0,22.0,,,,,2035.0,4.509765625
943,1,31400,SQUID_INK,1851.0,22.0,,,,,1855.0,22.0,,,,,1853.0,0.0
944,1,31400,RAINFOREST_RESIN,9995.0,22.0,,,,,10005.0,22.0,,,,,10000.0,360.0
945,1,31500,RAINFOREST_RESIN,9996.0,1.0,9995.0,21.0,,,10004.0,1.0,10005.0,21.0,,,10000.0,360.0
946,1,31500,SQUID_INK,1852.0,22.0,,,,,1855.0,22.0,,,,,1853.5,0.0
947,1,31500,KELP,2034.0,1.0,2033.0,21.0,,,2037.0,22.0,,,,,2035.5,4.8037109375
948,1,31600,RAINFOREST_RESIN,9995.0,24.0,,,,,9998.0,3.0,10005.0,24.0,,,9996.5,360.0
949,1,31600,KELP,2033.0,24.0,,,,,2037.0,24.0,,,,,2035.0,4.84423828125
950,1,31600,SQUID_INK,1851.0,24.0,,,,,1854.0,24.0,,,,,1852.5,0.0
951,1,31700,KELP,2033.0,29.0,,,,,2037.0,29.0,,,,,2035.0,4.603515625
952,1,31700,RAINFOREST_RESIN,9995.0,29.0,,,,,10002.0,3.0,10005.0,29.0,,,9998.5,366.0
953,1,31700,SQUID_INK,1852.0,29.0,,,,,1856.0,29.0,,,,,1854.0,0.0
954,1,31800,KELP,2035.0,2.0,2033.0,24.0,,,2037.0,24.0,,,,,2036.0,4.3974609375
955,1,31800,SQUID_INK,1850.0,2.0,1849.0,24.0,,,1852.0,24.0,,,,,1851.0,0.0
956,1,31800,RAINFOREST_RESIN,9996.0,2.0,9995.0,22.0,,,10002.0,2.0,10004.0,2.0,10005.0,22.0,9999.0,366.0
957,1,31900,RAINFOREST_RESIN,9996.0,2.0,9995.0,26.0,,,10004.0,2.0,10005.0,26.0,,,10000.0,366.0
958,1,31900,SQUID_INK,1848.0,8.0,1847.0,26.0,,,1851.0,28.0,,,,,1849.5,0.0
959,1,31900,KELP,2034.0,6.0,2033.0,28.0,,,2037.0,28.0,,,,,2035.5,4.15771484375
960,1,32000,RAINFOREST_RESIN,9996.0,2.0,9995.0,20.0,,,10002.0,10.0,10004.0,2.0,10005.0,20.0,9999.0,366.0
961,1,32000,SQUID_INK,1847.0,22.0,,,,,1850.0,22.0,,,,,1848.5,0.0
962,1,32000,KELP,2033.0,22.0,,,,,2037.0,22.0,,,,,2035.0,3.70849609375
963,1,32100,KELP,2033.0,25.0,,,,,2037.0,25.0,,,,,2035.0,3.19140625
964,1,32100,RAINFOREST_RESIN,9998.0,9.0,9995.0,25.0,,,10005.0,25.0,,,,,10001.5,366.0
965,1,32100,SQUID_INK,1848.0,25.0,,,,,1851.0,25.0,,,,,1849.5,0.0
966,1,32200,SQUID_INK,1846.0,25.0,,,,,1849.0,25.0,,,,,1847.5,0.0
967,1,32200,KELP,2033.0,25.0,,,,,2036.0,1.0,2037.0,24.0,,,2034.5,3.4755859375
968,1,32200,RAINFOREST_RESIN,9996.0,1.0,9995.0,24.0,,,10002.0,5.0,10004.0,1.0,10005.0,24.0,9999.0,366.0
969,1,32300,RAINFOREST_RESIN,10000.0,3.0,9996.0,2.0,9995.0,30.0,10004.0,2.0,10005.0,30.0,,,10002.0,366.0
970,1,32300,SQUID_INK,1847.0,3.0,1846.0,32.0,,,1849.0,32.0,,,,,1848.0,0.0
971,1,32300,KELP,2034.0,3.0,2033.0,32.0,,,2037.0,32.0,,,,,2035.5,3.759765625
972,1,32400,RAINFOREST_RESIN,9998.0,2.0,9995.0,29.0,,,10005.0,29.0,,,,,10001.5,366.0
973,1,32400,SQUID_INK,1846.0,29.0,,,,,1849.0,29.0,,,,,1847.5,0.0
974,1,32400,KELP,2033.0,29.0,,,,,2037.0,29.0,,,,,2035.0,4.0029296875
975,1,32500,KELP,2034.0,3.0,2033.0,24.0,,,2037.0,26.0,,,,,2035.5,4.53125
976,1,32500,RAINFOREST_RESIN,10002.0,1.0,9996.0,2.0,9995.0,24.0,10004.0,2.0,10005.0,24.0,,,10003.0,366.0
977,1,32500,SQUID_INK,1846.0,1.0,1845.0,26.0,,,1848.0,2.0,1849.0,24.0,,,1847.0,0.0
978,1,32600,SQUID_INK,1843.0,28.0,,,,,1846.0,28.0,,,,,1844.5,0.0
979,1,32600,KELP,2034.0,2.0,2033.0,26.0,,,2037.0,28.0,,,,,2035.5,4.57080078125
980,1,32600,RAINFOREST_RESIN,9998.0,1.0,9996.0,2.0,9995.0,26.0,10004.0,2.0,10005.0,26.0,,,10001.0,368.0
981,1,32700,RAINFOREST_RESIN,9996.0,2.0,9995.0,30.0,,,10004.0,2.0,10005.0,30.0,,,10000.0,368.0
982,1,32700,SQUID_INK,1839.0,32.0,,,,,1842.0,32.0,,,,,1840.5,0.0
983,1,32700,KELP,2034.0,32.0,,,,,2037.0,32.0,,,,,2035.5,4.90771484375
984,1,32800,RAINFOREST_RESIN,9995.0,29.0,,,,,10005.0,29.0,,,,,10000.0,368.0
985,1,32800,SQUID_INK,1838.0,29.0,,,,,1841.0,29.0,,,,,1839.5,0.0
986,1,32800,KELP,2034.0,29.0,,,,,2037.0,29.0,,,,,2035.5,4.98779296875
987,1,32900,KELP,2034.0,21.0,,,,,2037.0,21.0,,,,,2035.5,4.90771484375
988,1,32900,RAINFOREST_RESIN,9996.0,1.0,9995.0,20.0,,,10002.0,10.0,10004.0,1.0,10005.0,20.0,9999.0,368.0
989,1,32900,SQUID_INK,1834.0,21.0,,,,,1837.0,21.0,,,,,1835.5,0.0
990,1,33000,SQUID_INK,1837.0,28.0,,,,,1839.0,4.0,1840.0,28.0,,,1838.0,0.0
991,1,33000,KELP,2034.0,28.0,,,,,2036.0,4.0,2037.0,28.0,,,2035.0,4.98486328125
992,1,33000,RAINFOREST_RESIN,9998.0,2.0,9995.0,28.0,,,10005.0,28.0,,,,,10001.5,368.0
993,1,33100,RAINFOREST_RESIN,9996.0,1.0,9995.0,25.0,,,10004.0,1.0,10005.0,25.0,,,10000.0,368.0
994,1,33100,SQUID_INK,1836.0,26.0,,,,,1839.0,26.0,,,,,1837.5,0.0
995,1,33100,KELP,2034.0,1.0,2033.0,25.0,,,2037.0,26.0,,,,,2035.5,4.69775390625
996,1,33200,RAINFOREST_RESIN,9996.0,1.0,9995.0,23.0,,,10004.0,1.0,10005.0,23.0,,,10000.0,368.0
997,1,33200,SQUID_INK,1835.0,24.0,,,,,1837.0,5.0,1838.0,24.0,,,1836.0,0.0
998,1,33200,KELP,2034.0,1.0,2033.0,23.0,,,2035.0,5.0,2037.0,24.0,,,2034.5,4.49365234375
999,1,33300,KELP,2034.0,31.0,,,,,2037.0,31.0,,,,,2035.5,4.89990234375
1000,1,33300,RAINFOREST_RESIN,9996.0,1.0,9995.0,30.0,,,10002.0,1.0,10004.0,1.0,10005.0,30.0,9999.0,368.0
1001,1,33300,SQUID_INK,1833.0,31.0,,,,,1836.0,31.0,,,,,1834.5,0.0
1002,1,33400,SQUID_INK,1833.0,20.0,,,,,1835.0,2.0,1836.0,20.0,,,1834.0,0.0
1003,1,33400,KELP,2034.0,20.0,,,,,2036.0,2.0,2037.0,20.0,,,2035.0,4.9404296875
1004,1,33400,RAINFOREST_RESIN,9995.0,20.0,,,,,10005.0,20.0,,,,,10000.0,368.0
1005,1,33500,RAINFOREST_RESIN,9996.0,2.0,9995.0,21.0,,,10002.0,4.0,10004.0,2.0,10005.0,21.0,9999.0,368.0
1006,1,33500,SQUID_INK,1840.0,23.0,,,,,1843.0,23.0,,,,,1841.5,0.0
1007,1,33500,KELP,2034.0,2.0,2033.0,21.0,,,2037.0,23.0,,,,,2035.5,4.81982421875
1008,1,33600,RAINFOREST_RESIN,9995.0,27.0,,,,,9998.0,2.0,10005.0,27.0,,,9996.5,368.0
1009,1,33600,SQUID_INK,1843.0,27.0,,,,,1846.0,27.0,,,,,1844.5,0.0
1010,1,33600,KELP,2033.0,27.0,,,,,2037.0,27.0,,,,,2035.0,4.81982421875
1011,1,33700,KELP,2034.0,1.0,2033.0,25.0,,,2036.0,6.0,2037.0,26.0,,,2035.0,4.82080078125
1012,1,33700,RAINFOREST_RESIN,9996.0,1.0,9995.0,25.0,,,10004.0,1.0,10005.0,25.0,,,10000.0,372.0
1013,1,33700,SQUID_INK,1842.0,26.0,,,,,1844.0,6.0,1845.0,26.0,,,1843.0,0.0
1014,1,33800,SQUID_INK,1845.0,21.0,,,,,1848.0,21.0,,,,,1846.5,0.0
1015,1,33800,KELP,2033.0,21.0,,,,,2037.0,21.0,,,,,2035.0,4.82080078125
1016,1,33800,RAINFOREST_RESIN,9995.0,21.0,,,,,10002.0,4.0,10005.0,21.0,,,9998.5,372.0
1017,1,33900,RAINFOREST_RESIN,9996.0,1.0,9995.0,27.0,,,10004.0,1.0,10005.0,27.0,,,10000.0,372.0
1018,1,33900,SQUID_INK,1845.0,28.0,,,,,1848.0,28.0,,,,,1846.5,0.0
1019,1,33900,KELP,2034.0,28.0,,,,,2037.0,28.0,,,,,2035.5,5.10693359375
1020,1,34000,RAINFOREST_RESIN,9996.0,2.0,9995.0,28.0,,,10004.0,2.0,10005.0,28.0,,,10000.0,372.0
1021,1,34000,SQUID_INK,1848.0,1.0,1846.0,30.0,,,1849.0,30.0,,,,,1848.5,0.0
1022,1,34000,KELP,2036.0,1.0,2034.0,2.0,2033.0,28.0,2037.0,30.0,,,,,2036.5,4.86767578125
1023,1,34100,KELP,2034.0,27.0,,,,,2037.0,27.0,,,,,2035.5,4.90673828125
1024,1,34100,RAINFOREST_RESIN,9996.0,2.0,9995.0,25.0,,,10004.0,2.0,10005.0,25.0,,,10000.0,372.0
1025,1,34100,SQUID_INK,1845.0,27.0,,,,,1848.0,2.0,1849.0,25.0,,,1846.5,0.0
1026,1,34200,SQUID_INK,1847.0,32.0,,,,,1850.0,32.0,,,,,1848.5,0.0
1027,1,34200,KELP,2034.0,2.0,2033.0,30.0,,,2037.0,32.0,,,,,2035.5,4.78466796875
1028,1,34200,RAINFOREST_RESIN,9996.0,2.0,9995.0,30.0,,,10002.0,2.0,10004.0,2.0,10005.0,30.0,9999.0,372.0
1029,1,34300,RAINFOREST_RESIN,9996.0,1.0,9995.0,28.0,,,10004.0,1.0,10005.0,28.0,,,10000.0,372.0
1030,1,34300,SQUID_INK,1846.0,28.0,,,,,1849.0,29.0,,,,,1847.5,0.0
1031,1,34300,KELP,2034.0,28.0,,,,,2037.0,29.0,,,,,2035.5,4.94921875
1032,1,34400,RAINFOREST_RESIN,9996.0,2.0,9995.0,28.0,,,10004.0,2.0,10005.0,28.0,,,10000.0,372.0
1033,1,34400,SQUID_INK,1846.0,30.0,,,,,1849.0,30.0,,,,,1847.5,0.0
1034,1,34400,KELP,2034.0,2.0,2033.0,28.0,,,2037.0,30.0,,,,,2035.5,4.869140625
1035,1,34500,KELP,2034.0,24.0,,,,,2037.0,24.0,,,,,2035.5,4.9091796875
1036,1,34500,RAINFOREST_RESIN,9996.0,2.0,9995.0,22.0,,,10004.0,2.0,10005.0,22.0,,,10000.0,372.0
1037,1,34500,SQUID_INK,1844.0,24.0,,,,,1847.0,24.0,,,,,1845.5,0.0
1038,1,34600,SQUID_INK,1846.0,24.0,,,,,1849.0,24.0,,,,,1847.5,0.0
1039,1,34600,KELP,2034.0,24.0,,,,,2037.0,24.0,,,,,2035.5,5.18798828125
1040,1,34600,RAINFOREST_RESIN,9995.0,24.0,,,,,10005.0,24.0,,,,,10000.0,372.0
1041,1,34700,SQUID_INK,1847.0,32.0,,,,,1850.0,25.0,,,,,1848.5,0.0
1042,1,34700,KELP,2034.0,32.0,,,,,2037.0,25.0,,,,,2035.5,5.10595703125
1043,1,34700,RAINFOREST_RESIN,9996.0,2.0,9995.0,23.0,,,10004.0,2.0,10005.0,23.0,,,10000.0,372.0
1044,1,34800,SQUID_INK,1846.0,14.0,,,,,1849.0,24.0,,,,,1847.5,0.0
1045,1,34800,RAINFOREST_RESIN,9998.0,3.0,9996.0,2.0,9995.0,22.0,10004.0,2.0,10005.0,22.0,,,10001.0,372.0
1046,1,34800,KELP,2034.0,14.0,,,,,2037.0,24.0,,,,,2035.5,5.47216796875
1047,1,34900,KELP,2034.0,24.0,,,,,2037.0,24.0,,,,,2035.5,5.7998046875
1048,1,34900,RAINFOREST_RESIN,9995.0,24.0,,,,,10005.0,24.0,,,,,10000.0,372.0
1049,1,34900,SQUID_INK,1844.0,24.0,,,,,1848.0,24.0,,,,,1846.0,0.0
1050,1,35000,SQUID_INK,1844.0,29.0,,,,,1847.0,29.0,,,,,1845.5,0.0
1051,1,35000,RAINFOREST_RESIN,9995.0,29.0,,,,,10005.0,29.0,,,,,10000.0,372.0
1052,1,35000,KELP,2034.0,29.0,,,,,2037.0,29.0,,,,,2035.5,6.43212890625
1053,1,35100,SQUID_INK,1844.0,23.0,,,,,1847.0,23.0,,,,,1845.5,0.0
1054,1,35100,KELP,2034.0,23.0,,,,,2037.0,23.0,,,,,2035.5,6.470703125
1055,1,35100,RAINFOREST_RESIN,9996.0,2.0,9995.0,21.0,,,10004.0,2.0,10005.0,21.0,,,10000.0,372.0
1056,1,35200,SQUID_INK,1844.0,24.0,,,,,1846.0,3.0,1847.0,24.0,,,1845.0,0.0
1057,1,35200,RAINFOREST_RESIN,9995.0,24.0,,,,,10005.0,24.0,,,,,10000.0,372.0
1058,1,35200,KELP,2034.0,24.0,,,,,2036.0,3.0,2037.0,24.0,,,2035.0,6.70751953125
1059,1,35300,KELP,2034.0,31.0,,,,,2037.0,23.0,,,,,2035.5,6.923828125
1060,1,35300,SQUID_INK,1845.0,31.0,,,,,1848.0,23.0,,,,,1846.5,0.0
1061,1,35300,RAINFOREST_RESIN,9998.0,8.0,9996.0,1.0,9995.0,22.0,10004.0,1.0,10005.0,22.0,,,10001.0,372.0
1062,1,35400,RAINFOREST_RESIN,10002.0,1.0,9996.0,2.0,9995.0,25.0,10004.0,2.0,10005.0,25.0,,,10003.0,372.0
1063,1,35400,KELP,2034.0,27.0,,,,,2037.0,2.0,2038.0,25.0,,,2035.5,7.16162109375
1064,1,35400,SQUID_INK,1844.0,27.0,,,,,1847.0,27.0,,,,,1845.5,0.0
1065,1,35500,KELP,2034.0,29.0,,,,,2037.0,29.0,,,,,2035.5,6.7529296875
1066,1,35500,SQUID_INK,1845.0,29.0,,,,,1848.0,29.0,,,,,1846.5,0.0
1067,1,35500,RAINFOREST_RESIN,9996.0,2.0,9995.0,27.0,,,10004.0,2.0,10005.0,27.0,,,10000.0,374.0
1068,1,35600,SQUID_INK,1844.0,24.0,,,,,1847.0,24.0,,,,,1845.5,0.0
1069,1,35600,RAINFOREST_RESIN,9996.0,1.0,9995.0,23.0,,,10002.0,3.0,10004.0,1.0,10005.0,23.0,9999.0,374.0
1070,1,35600,KELP,2034.0,24.0,,,,,2037.0,24.0,,,,,2035.5,5.37744140625
1071,1,35700,KELP,2034.0,2.0,2033.0,29.0,,,2037.0,31.0,,,,,2035.5,4.724609375
1072,1,35700,SQUID_INK,1842.0,31.0,,,,,1845.0,31.0,,,,,1843.5,0.0
1073,1,35700,RAINFOREST_RESIN,9996.0,2.0,9995.0,29.0,,,10002.0,9.0,10004.0,2.0,10005.0,29.0,9999.0,374.0
1074,1,35800,RAINFOREST_RESIN,9996.0,2.0,9995.0,21.0,,,10004.0,2.0,10005.0,21.0,,,10000.0,374.0
1075,1,35800,KELP,2034.0,29.0,,,,,2037.0,23.0,,,,,2035.5,5.3681640625
1076,1,35800,SQUID_INK,1843.0,29.0,,,,,1846.0,23.0,,,,,1844.5,0.0
1077,1,35900,KELP,2034.0,30.0,,,,,2037.0,30.0,,,,,2035.5,5.53125
1078,1,35900,SQUID_INK,1839.0,30.0,,,,,1842.0,2.0,1843.0,28.0,,,1840.5,0.0
1079,1,35900,RAINFOREST_RESIN,9996.0,2.0,9995.0,28.0,,,10004.0,2.0,10005.0,28.0,,,10000.0,374.0
1080,1,36000,SQUID_INK,1841.0,30.0,,,,,1842.0,2.0,1843.0,2.0,1844.0,30.0,1841.5,0.0
1081,1,36000,RAINFOREST_RESIN,9995.0,30.0,,,,,10000.0,2.0,10002.0,9.0,10005.0,30.0,9997.5,374.0
1082,1,36000,KELP,2034.0,30.0,,,,,2035.0,2.0,2036.0,2.0,2037.0,30.0,2034.5,5.4912109375
1083,1,36100,KELP,2034.0,23.0,,,,,2036.0,6.0,2037.0,23.0,,,2035.0,5.98046875
1084,1,36100,SQUID_INK,1841.0,23.0,,,,,1843.0,6.0,1844.0,23.0,,,1842.0,0.0
1085,1,36100,RAINFOREST_RESIN,9998.0,7.0,9996.0,2.0,9995.0,21.0,10004.0,2.0,10005.0,21.0,,,10001.0,374.0
1086,1,36200,RAINFOREST_RESIN,9998.0,5.0,9996.0,1.0,9995.0,29.0,10004.0,1.0,10005.0,29.0,,,10001.0,374.0
1087,1,36200,KELP,2034.0,30.0,,,,,2037.0,30.0,,,,,2035.5,5.28857421875
1088,1,36200,SQUID_INK,1842.0,30.0,,,,,1845.0,30.0,,,,,1843.5,0.0
1089,1,36300,SQUID_INK,1843.0,31.0,,,,,1846.0,31.0,,,,,1844.5,0.0
1090,1,36300,KELP,2034.0,31.0,,,,,2037.0,31.0,,,,,2035.5,5.9365234375
1091,1,36300,RAINFOREST_RESIN,9996.0,1.0,9995.0,30.0,,,10004.0,1.0,10005.0,30.0,,,10000.0,374.0
1092,1,36400,SQUID_INK,1842.0,30.0,,,,,1845.0,29.0,,,,,1843.5,0.0
1093,1,36400,RAINFOREST_RESIN,9996.0,1.0,9995.0,28.0,,,10002.0,8.0,10004.0,1.0,10005.0,28.0,9999.0,374.0
1094,1,36400,KELP,2034.0,30.0,,,,,2037.0,29.0,,,,,2035.5,6.33984375
1095,1,36500,SQUID_INK,1843.0,28.0,,,,,1846.0,29.0,,,,,1844.5,0.0
1096,1,36500,KELP,2034.0,28.0,,,,,2037.0,29.0,,,,,2035.5,6.37890625
1097,1,36500,RAINFOREST_RESIN,9996.0,2.0,9995.0,27.0,,,10004.0,2.0,10005.0,27.0,,,10000.0,374.0
1098,1,36600,RAINFOREST_RESIN,9996.0,1.0,9995.0,30.0,,,10000.0,2.0,10004.0,1.0,10005.0,30.0,9998.0,374.0
1099,1,36600,KELP,2034.0,31.0,,,,,2035.0,2.0,2037.0,31.0,,,2034.5,6.3037109375
1100,1,36600,SQUID_INK,1841.0,31.0,,,,,1842.0,2.0,1844.0,31.0,,,1841.5,0.0
1101,1,36700,SQUID_INK,1842.0,22.0,,,,,1845.0,22.0,,,,,1843.5,0.0
1102,1,36700,KELP,2034.0,22.0,,,,,2037.0,22.0,,,,,2035.5,6.306640625
1103,1,36700,RAINFOREST_RESIN,10002.0,1.0,9996.0,1.0,9995.0,21.0,10004.0,1.0,10005.0,21.0,,,10003.0,374.0
1104,1,36800,SQUID_INK,1844.0,2.0,1843.0,23.0,,,1847.0,25.0,,,,,1845.5,0.0
1105,1,36800,RAINFOREST_RESIN,9996.0,2.0,9995.0,23.0,,,10004.0,2.0,10005.0,23.0,,,10000.0,376.0
1106,1,36800,KELP,2034.0,25.0,,,,,2037.0,25.0,,,,,2035.5,6.265625
1107,1,36900,SQUID_INK,1845.0,22.0,,,,,1848.0,22.0,,,,,1846.5,0.0
1108,1,36900,KELP,2034.0,22.0,,,,,2037.0,22.0,,,,,2035.5,6.22412109375
1109,1,36900,RAINFOREST_RESIN,9998.0,6.0,9995.0,22.0,,,10005.0,22.0,,,,,10001.5,376.0
1110,1,37000,RAINFOREST_RESIN,9996.0,2.0,9995.0,20.0,,,10004.0,2.0,10005.0,20.0,,,10000.0,376.0
1111,1,37000,KELP,2034.0,22.0,,,,,2037.0,22.0,,,,,2035.5,6.26318359375
1112,1,37000,SQUID_INK,1844.0,22.0,,,,,1847.0,22.0,,,,,1845.5,0.0
1113,1,37100,SQUID_INK,1845.0,5.0,1844.0,24.0,,,1847.0,24.0,,,,,1846.0,0.0
1114,1,37100,KELP,2035.0,5.0,2034.0,24.0,,,2037.0,24.0,,,,,2036.0,6.13818359375
1115,1,37100,RAINFOREST_RESIN,10000.0,5.0,9995.0,24.0,,,10005.0,24.0,,,,,10002.5,376.0
1116,1,37200,SQUID_INK,1844.0,29.0,,,,,1847.0,29.0,,,,,1845.5,0.0
1117,1,37200,RAINFOREST_RESIN,9996.0,2.0,9995.0,27.0,,,10004.0,2.0,10005.0,27.0,,,10000.0,376.0
1118,1,37200,KELP,2034.0,29.0,,,,,2037.0,29.0,,,,,2035.5,6.056640625
1119,1,37300,SQUID_INK,1840.0,23.0,,,,,1842.0,4.0,1843.0,23.0,,,1841.0,0.0
1120,1,37300,KELP,2034.0,23.0,,,,,2036.0,4.0,2037.0,23.0,,,2035.0,6.13623046875
1121,1,37300,RAINFOREST_RESIN,9996.0,1.0,9995.0,22.0,,,10004.0,1.0,10005.0,22.0,,,10000.0,376.0
1122,1,37400,RAINFOREST_RESIN,9995.0,22.0,,,,,10005.0,22.0,,,,,10000.0,376.0
1123,1,37400,KELP,2034.0,26.0,,,,,2037.0,22.0,,,,,2035.5,6.17822265625
1124,1,37400,SQUID_INK,1842.0,26.0,,,,,1845.0,22.0,,,,,1843.5,0.0
1125,1,37500,KELP,2035.0,5.0,2034.0,31.0,,,2037.0,31.0,,,,,2036.0,5.85205078125
1126,1,37500,SQUID_INK,1844.0,5.0,1843.0,31.0,,,1846.0,31.0,,,,,1845.0,0.0
1127,1,37500,RAINFOREST_RESIN,10000.0,5.0,9996.0,1.0,9995.0,30.0,10004.0,1.0,10005.0,30.0,,,10002.0,376.0
1128,1,37600,KELP,2034.0,25.0,,,,,2036.0,5.0,2037.0,25.0,,,2035.0,5.77099609375
1129,1,37600,SQUID_INK,1845.0,25.0,,,,,1847.0,5.0,1848.0,25.0,,,1846.0,0.0
1130,1,37600,RAINFOREST_RESIN,9996.0,1.0,9995.0,24.0,,,10004.0,1.0,10005.0,24.0,,,10000.0,376.0
1131,1,37700,SQUID_INK,1844.0,20.0,,,,,1847.0,20.0,,,,,1845.5,0.0
1132,1,37700,RAINFOREST_RESIN,10002.0,1.0,9995.0,20.0,,,10005.0,20.0,,,,,10003.5,376.0
1133,1,37700,KELP,2034.0,20.0,,,,,2037.0,20.0,,,,,2035.5,5.85205078125
1134,1,37800,RAINFOREST_RESIN,9996.0,2.0,9995.0,23.0,,,10004.0,2.0,10005.0,23.0,,,10000.0,378.0
1135,1,37800,KELP,2034.0,25.0,,,,,2037.0,25.0,,,,,2035.5,5.73193359375
1136,1,37800,SQUID_INK,1848.0,25.0,,,,,1851.0,25.0,,,,,1849.5,0.0
1137,1,37900,KELP,2034.0,29.0,,,,,2037.0,29.0,,,,,2035.5,5.8125
1138,1,37900,SQUID_INK,1848.0,29.0,,,,,1851.0,29.0,,,,,1849.5,0.0
1139,1,37900,RAINFOREST_RESIN,9996.0,2.0,9995.0,27.0,,,10004.0,2.0,10005.0,27.0,,,10000.0,378.0
1140,1,38000,KELP,2034.0,30.0,,,,,2037.0,30.0,,,,,2035.5,6.138671875
1141,1,38000,SQUID_INK,1848.0,30.0,,,,,1852.0,30.0,,,,,1850.0,0.0
1142,1,38000,RAINFOREST_RESIN,9998.0,3.0,9995.0,30.0,,,10005.0,30.0,,,,,10001.5,378.0
1143,1,38100,SQUID_INK,1848.0,29.0,,,,,1850.0,4.0,1851.0,29.0,,,1849.0,0.0
1144,1,38100,RAINFOREST_RESIN,9998.0,4.0,9996.0,1.0,9995.0,28.0,10004.0,1.0,10005.0,28.0,,,10001.0,378.0
1145,1,38100,KELP,2034.0,29.0,,,,,2036.0,4.0,2037.0,29.0,,,2035.0,6.05615234375
1146,1,38200,RAINFOREST_RESIN,9998.0,4.0,9996.0,2.0,9995.0,29.0,10004.0,2.0,10005.0,29.0,,,10001.0,378.0
1147,1,38200,KELP,2034.0,31.0,,,,,2037.0,31.0,,,,,2035.5,5.974609375
1148,1,38200,SQUID_INK,1848.0,31.0,,,,,1851.0,31.0,,,,,1849.5,0.0
1149,1,38300,KELP,2034.0,27.0,,,,,2037.0,22.0,,,,,2035.5,6.1435546875
1150,1,38300,SQUID_INK,1849.0,27.0,,,,,1852.0,22.0,,,,,1850.5,0.0
1151,1,38300,RAINFOREST_RESIN,9995.0,22.0,,,,,10005.0,22.0,,,,,10000.0,378.0
1152,1,38400,KELP,2034.0,27.0,,,,,2037.0,31.0,,,,,2035.5,6.306640625
1153,1,38400,SQUID_INK,1849.0,29.0,,,,,1850.0,2.0,1853.0,31.0,,,1849.5,0.0
1154,1,38400,RAINFOREST_RESIN,9996.0,2.0,9995.0,29.0,,,10004.0,2.0,10005.0,29.0,,,10000.0,378.0
1155,1,38500,SQUID_INK,1850.0,24.0,,,,,1853.0,24.0,,,,,1851.5,0.0
1156,1,38500,RAINFOREST_RESIN,9996.0,2.0,9995.0,22.0,,,10004.0,2.0,10005.0,22.0,,,10000.0,378.0
1157,1,38500,KELP,2034.0,24.0,,,,,2037.0,24.0,,,,,2035.5,6.5498046875
1158,1,38600,RAINFOREST_RESIN,10002.0,1.0,9996.0,2.0,9995.0,29.0,10004.0,2.0,10005.0,29.0,,,10003.0,378.0
1159,1,38600,KELP,2034.0,31.0,,,,,2037.0,31.0,,,,,2035.5,6.21142578125
1160,1,38600,SQUID_INK,1850.0,31.0,,,,,1853.0,31.0,,,,,1851.5,0.0
1161,1,38700,KELP,2034.0,21.0,,,,,2037.0,22.0,,,,,2035.5,6.49365234375
1162,1,38700,SQUID_INK,1850.0,21.0,,,,,1853.0,22.0,,,,,1851.5,0.0
1163,1,38700,RAINFOREST_RESIN,9996.0,2.0,9995.0,20.0,,,10004.0,2.0,10005.0,20.0,,,10000.0,380.0
1164,1,38800,KELP,2034.0,27.0,,,,,2036.0,2.0,2037.0,27.0,,,2035.0,6.6591796875
1165,1,38800,SQUID_INK,1850.0,27.0,,,,,1852.0,2.0,1853.0,27.0,,,1851.0,0.0
1166,1,38800,RAINFOREST_RESIN,9996.0,2.0,9995.0,25.0,,,10004.0,2.0,10005.0,25.0,,,10000.0,380.0
1167,1,38900,SQUID_INK,1851.0,25.0,,,,,1854.0,25.0,,,,,1852.5,0.0
1168,1,38900,RAINFOREST_RESIN,9996.0,2.0,9995.0,23.0,,,10004.0,2.0,10005.0,23.0,,,10000.0,380.0
1169,1,38900,KELP,2034.0,25.0,,,,,2037.0,25.0,,,,,2035.5,6.3349609375
1170,1,39000,RAINFOREST_RESIN,9996.0,1.0,9995.0,23.0,,,10000.0,3.0,10004.0,1.0,10005.0,23.0,9998.0,380.0
1171,1,39000,KELP,2034.0,24.0,,,,,2035.0,3.0,2036.0,6.0,2037.0,24.0,2034.5,7.09375
1172,1,39000,SQUID_INK,1852.0,1.0,1851.0,23.0,,,1853.0,9.0,1855.0,24.0,,,1852.5,0.0
1173,1,39100,KELP,2034.0,38.0,,,,,2037.0,30.0,,,,,2035.5,6.974609375
1174,1,39100,SQUID_INK,1850.0,38.0,,,,,1853.0,30.0,,,,,1851.5,0.0
1175,1,39100,RAINFOREST_RESIN,9996.0,2.0,9995.0,28.0,,,9998.0,3.0,10004.0,2.0,10005.0,28.0,9997.0,380.0
1176,1,39200,KELP,2034.0,26.0,,,,,2035.0,4.0,2037.0,21.0,,,2034.5,6.8115234375
1177,1,39200,SQUID_INK,1849.0,26.0,,,,,1850.0,4.0,1852.0,21.0,,,1849.5,0.0
1178,1,39200,RAINFOREST_RESIN,9995.0,21.0,,,,,10000.0,4.0,10005.0,21.0,,,9997.5,386.0
1179,1,39300,SQUID_INK,1849.0,24.0,,,,,1853.0,24.0,,,,,1851.0,0.0
1180,1,39300,RAINFOREST_RESIN,9995.0,24.0,,,,,10005.0,24.0,,,,,10000.0,386.0
1181,1,39300,KELP,2034.0,24.0,,,,,2037.0,24.0,,,,,2035.5,6.9140625
1182,1,39400,RAINFOREST_RESIN,9995.0,21.0,,,,,10005.0,21.0,,,,,10000.0,386.0
1183,1,39400,KELP,2034.0,21.0,,,,,2038.0,21.0,,,,,2036.0,7.28125
1184,1,39400,SQUID_INK,1848.0,21.0,,,,,1851.0,21.0,,,,,1849.5,0.0
1185,1,39500,KELP,2034.0,29.0,,,,,2036.0,3.0,2037.0,29.0,,,2035.0,6.87939453125
1186,1,39500,SQUID_INK,1847.0,29.0,,,,,1849.0,3.0,1851.0,29.0,,,1848.0,0.0
1187,1,39500,RAINFOREST_RESIN,9995.0,29.0,,,,,10005.0,29.0,,,,,10000.0,386.0
1188,1,39600,SQUID_INK,1849.0,31.0,,,,,1852.0,31.0,,,,,1850.5,0.0
1189,1,39600,KELP,2034.0,31.0,,,,,2037.0,31.0,,,,,2035.5,6.96337890625
1190,1,39600,RAINFOREST_RESIN,9996.0,1.0,9995.0,30.0,,,10004.0,1.0,10005.0,30.0,,,10000.0,386.0
1191,1,39700,RAINFOREST_RESIN,9996.0,1.0,9995.0,29.0,,,10000.0,6.0,10004.0,1.0,10005.0,29.0,9998.0,386.0
1192,1,39700,SQUID_INK,1849.0,29.0,,,,,1850.0,6.0,1852.0,30.0,,,1849.5,0.0
1193,1,39700,KELP,2034.0,29.0,,,,,2035.0,6.0,2037.0,30.0,,,2034.5,6.96337890625
1194,1,39800,RAINFOREST_RESIN,9996.0,2.0,9995.0,22.0,,,9998.0,1.0,10004.0,2.0,10005.0,22.0,9997.0,386.0
1195,1,39800,KELP,2034.0,24.0,,,,,2037.0,24.0,,,,,2035.5,6.59619140625
1196,1,39800,SQUID_INK,1849.0,24.0,,,,,1852.0,24.0,,,,,1850.5,0.0
1197,1,39900,KELP,2034.0,29.0,,,,,2036.0,7.0,2037.0,29.0,,,2035.0,6.1513671875
1198,1,39900,RAINFOREST_RESIN,9998.0,10.0,9996.0,1.0,9995.0,28.0,10004.0,1.0,10005.0,28.0,,,10001.0,388.0
1199,1,39900,SQUID_INK,1849.0,29.0,,,,,1851.0,7.0,1853.0,29.0,,,1850.0,0.0
1200,1,40000,KELP,2034.0,26.0,,,,,2037.0,26.0,,,,,2035.5,5.7880859375
1201,1,40000,SQUID_INK,1849.0,26.0,,,,,1852.0,26.0,,,,,1850.5,0.0
1202,1,40000,RAINFOREST_RESIN,10002.0,11.0,9996.0,1.0,9995.0,25.0,10004.0,1.0,10005.0,25.0,,,10003.0,388.0
1203,1,40100,RAINFOREST_RESIN,9995.0,30.0,,,,,10005.0,30.0,,,,,10000.0,410.0
1204,1,40100,SQUID_INK,1851.0,30.0,,,,,1853.0,4.0,1854.0,30.0,,,1852.0,0.0
1205,1,40100,KELP,2034.0,30.0,,,,,2036.0,4.0,2037.0,30.0,,,2035.0,6.55517578125
1206,1,40200,RAINFOREST_RESIN,9996.0,1.0,9995.0,24.0,,,10002.0,7.0,10004.0,1.0,10005.0,24.0,9999.0,410.0
1207,1,40200,KELP,2034.0,25.0,,,,,2037.0,25.0,,,,,2035.5,7.0009765625
1208,1,40200,SQUID_INK,1851.0,25.0,,,,,1854.0,25.0,,,,,1852.5,0.0
1209,1,40300,KELP,2034.0,30.0,,,,,2037.0,30.0,,,,,2035.5,6.5927734375
1210,1,40300,RAINFOREST_RESIN,10002.0,4.0,9996.0,1.0,9995.0,29.0,10004.0,1.0,10005.0,29.0,,,10003.0,410.0
1211,1,40300,SQUID_INK,1851.0,30.0,,,,,1854.0,30.0,,,,,1852.5,0.0
1212,1,40400,KELP,2034.0,25.0,,,,,2037.0,25.0,,,,,2035.5,6.2490234375
1213,1,40400,SQUID_INK,1852.0,25.0,,,,,1855.0,25.0,,,,,1853.5,0.0
1214,1,40400,RAINFOREST_RESIN,9996.0,2.0,9995.0,23.0,,,10004.0,2.0,10005.0,23.0,,,10000.0,418.0
1215,1,40500,RAINFOREST_RESIN,9996.0,1.0,9995.0,21.0,,,10004.0,1.0,10005.0,21.0,,,10000.0,418.0
1216,1,40500,SQUID_INK,1851.0,22.0,,,,,1854.0,22.0,,,,,1852.5,0.0
1217,1,40500,KELP,2034.0,22.0,,,,,2037.0,22.0,,,,,2035.5,6.2509765625
1218,1,40600,RAINFOREST_RESIN,10002.0,1.0,9995.0,28.0,,,10005.0,28.0,,,,,10003.5,418.0
1219,1,40600,KELP,2034.0,28.0,,,,,2037.0,28.0,,,,,2035.5,6.20751953125
1220,1,40600,SQUID_INK,1851.0,28.0,,,,,1854.0,28.0,,,,,1852.5,0.0
1221,1,40700,KELP,2036.0,1.0,2034.0,36.0,,,2037.0,30.0,,,,,2036.5,6.17138671875
1222,1,40700,RAINFOREST_RESIN,9998.0,10.0,9996.0,1.0,9995.0,29.0,10004.0,1.0,10005.0,29.0,,,10001.0,420.0
1223,1,40700,SQUID_INK,1854.0,1.0,1853.0,6.0,1852.0,30.0,1856.0,30.0,,,,,1855.0,0.0
1224,1,40800,SQUID_INK,1852.0,21.0,,,,,1855.0,21.0,,,,,1853.5,0.0
1225,1,40800,KELP,2034.0,21.0,,,,,2037.0,21.0,,,,,2035.5,6.3310546875
1226,1,40800,RAINFOREST_RESIN,9995.0,21.0,,,,,10005.0,21.0,,,,,10000.0,420.0
1227,1,40900,RAINFOREST_RESIN,9998.0,2.0,9995.0,25.0,,,10005.0,25.0,,,,,10001.5,420.0
1228,1,40900,SQUID_INK,1852.0,3.0,1851.0,25.0,,,1855.0,25.0,,,,,1853.5,0.0
1229,1,40900,KELP,2034.0,28.0,,,,,2037.0,25.0,,,,,2035.5,5.88623046875
1230,1,41000,RAINFOREST_RESIN,9998.0,10.0,9996.0,1.0,9995.0,20.0,10000.0,2.0,10004.0,1.0,10005.0,20.0,9999.0,420.0
1231,1,41000,SQUID_INK,1852.0,21.0,,,,,1853.0,2.0,1854.0,7.0,1855.0,21.0,1852.5,0.0
1232,1,41000,KELP,2034.0,1.0,2033.0,20.0,,,2035.0,2.0,2036.0,7.0,2037.0,21.0,2034.5,4.828125
1233,1,41100,KELP,2034.0,25.0,,,,,2037.0,25.0,,,,,2035.5,5.435546875
1234,1,41100,RAINFOREST_RESIN,9996.0,2.0,9995.0,23.0,,,10004.0,2.0,10005.0,23.0,,,10000.0,420.0
1235,1,41100,SQUID_INK,1851.0,25.0,,,,,1854.0,25.0,,,,,1852.5,0.0
1236,1,41200,SQUID_INK,1852.0,20.0,,,,,1855.0,20.0,,,,,1853.5,0.0
1237,1,41200,KELP,2034.0,20.0,,,,,2037.0,20.0,,,,,2035.5,5.4326171875
1238,1,41200,RAINFOREST_RESIN,9995.0,20.0,,,,,10005.0,20.0,,,,,10000.0,420.0
1239,1,41300,RAINFOREST_RESIN,9995.0,27.0,,,,,10005.0,27.0,,,,,10000.0,420.0
1240,1,41300,SQUID_INK,1856.0,35.0,,,,,1859.0,27.0,,,,,1857.5,0.0
1241,1,41300,KELP,2034.0,35.0,,,,,2037.0,27.0,,,,,2035.5,5.1845703125
1242,1,41400,RAINFOREST_RESIN,9996.0,1.0,9995.0,29.0,,,10004.0,1.0,10005.0,29.0,,,10000.0,420.0
1243,1,41400,SQUID_INK,1855.0,30.0,,,,,1858.0,30.0,,,,,1856.5,0.0
1244,1,41400,KELP,2034.0,30.0,,,,,2037.0,30.0,,,,,2035.5,5.0234375
1245,1,41500,KELP,2034.0,38.0,,,,,2037.0,31.0,,,,,2035.5,5.10498046875
1246,1,41500,RAINFOREST_RESIN,9996.0,2.0,9995.0,29.0,,,10004.0,2.0,10005.0,29.0,,,10000.0,420.0
1247,1,41500,SQUID_INK,1854.0,38.0,,,,,1857.0,31.0,,,,,1855.5,0.0
1248,1,41600,SQUID_INK,1853.0,26.0,,,,,1856.0,26.0,,,,,1854.5,0.0
1249,1,41600,KELP,2034.0,26.0,,,,,2037.0,26.0,,,,,2035.5,5.2685546875
1250,1,41600,RAINFOREST_RESIN,9995.0,26.0,,,,,10005.0,26.0,,,,,10000.0,420.0
1251,1,41700,RAINFOREST_RESIN,9995.0,23.0,,,,,10005.0,23.0,,,,,10000.0,420.0
1252,1,41700,SQUID_INK,1859.0,2.0,1857.0,23.0,,,1860.0,23.0,,,,,1859.5,0.0
1253,1,41700,KELP,2036.0,2.0,2034.0,23.0,,,2038.0,23.0,,,,,2037.0,7.37646484375
1254,1,41800,RAINFOREST_RESIN,9996.0,1.0,9995.0,21.0,,,10004.0,1.0,10005.0,21.0,,,10000.0,420.0
1255,1,41800,SQUID_INK,1857.0,21.0,,,,,1860.0,22.0,,,,,1858.5,0.0
1256,1,41800,KELP,2034.0,21.0,,,,,2037.0,1.0,2038.0,21.0,,,2035.5,7.45361328125
1257,1,41900,KELP,2034.0,28.0,,,,,2038.0,28.0,,,,,2036.0,7.7724609375
1258,1,41900,RAINFOREST_RESIN,9995.0,28.0,,,,,10002.0,8.0,10005.0,28.0,,,9998.5,420.0
1259,1,41900,SQUID_INK,1855.0,28.0,,,,,1859.0,28.0,,,,,1857.0,0.0
1260,1,42000,SQUID_INK,1857.0,28.0,,,,,1860.0,28.0,,,,,1858.5,0.0
1261,1,42000,KELP,2034.0,28.0,,,,,2037.0,1.0,2038.0,27.0,,,2035.5,7.3310546875
1262,1,42000,RAINFOREST_RESIN,9996.0,1.0,9995.0,27.0,,,9998.0,1.0,10004.0,1.0,10005.0,27.0,9997.0,420.0
1263,1,42100,RAINFOREST_RESIN,10002.0,2.0,9995.0,22.0,,,10005.0,22.0,,,,,10003.5,422.0
1264,1,42100,SQUID_INK,1857.0,29.0,,,,,1860.0,22.0,,,,,1858.5,0.0
1265,1,42100,KELP,2035.0,7.0,2034.0,22.0,,,2038.0,22.0,,,,,2036.5,7.568359375
